1922 3513
370 265 423 301 SAL.
433 267 465 310 HI,
476 272 535 306 1-4·
802 270 837 307 255

69 365 105 411 les
121 362 156 403 sed
164 359 331 415 reprehendendi:
340 354 459 412 >quanquam
468 375 538 400 revera
546 375 578 400 eos
588 360 672 400 amabat.
686 382 714 389 —
727 358 838 413 ἐβάσκαοε,

62 418 180 469 fascinavit)
199 416 224 471 [h.
240 418 252 454 l.
266 421 306 453 tana
320 417 440 466 repentinam
454 429 532 467 campan
545 417 640 467 tepentem
652 416 704 455 uobis
717 417 839 457 mutationem

68 475 136 513 intulit.
151 472 177 510 V.
191 470 218 525 g.]
233 469 285 508 Huic
299 469 366 518 verbo,
381 469 399 509 si
411 469 466 518 illud,
481 484 520 509 non
534 471 608 509 obedire
621 470 703 518 veritati,
720 483 802 521 seponas
811 471 838 522 ff),

69 527 160 566 cohaeret
176 525 266 578 propius,
287 523 342 575 quod
359 523 457 576 sequitur3
477 538 522 562 narn
536 524 617 573 fascino
634 525 766 576 impediuntur
785 526 839 564 ocati.

69 580 98 637 [at
111 582 153 634 quis
167 583 197 621 vel
214 594 253 619 non
266 579 330 618 uidere
344 579 443 630 opinetur,
462 593 511 630 quae
525 580 587 626 triten
607 581 646 627 oet,
666 593 715 631 qnae
733 593 772 618 aton
790 585 840 629 sant,

69 638 163 677 anistimet
174 637 243 676 uidere.
258 633 284 673 V.
293 633 321 689 g.]
335 655 363 661 -
377 631 422 674 κατ’
437 630 558 686 dotalitia,
573 634 595 673 ob
604 635 674 686 acidos]
690 633 839 674 evidentissime.
850 656 862 662 «-

68 712 95 720 ν
104 686 235 745 προεγράφη,
246 690 382 741 praesumptae
391 688 426 741 est)
441 683 606 743 npoypoioeodai
620 688 715 736 dicnrrtur,
731 701 781 741 qnae
791 689 841 741 pub-

38 793 40 796 ,
68 747 106 785 lice
125 746 197 797 scripta
216 750 260 783 ante
279 745 345 783 oeulos
364 744 449 783 omnium
462 747 569 795 ponuntur,
589 747 611 782 nt
631 744 688 783 docet
701 744 727 783 H.
741 744 840 793 Valesius,

69 800 115 840 Not.
129 800 251 852 inHarpocr.
266 812 285 849 p.
295 805 341 842 116.
371 799 403 838 Ita
417 799 500 850 scriptus
515 798 556 837 sive
569 797 633 850 pietus
647 798 777 838 fueratJesus
787 798 841 837 Chri-

68 861 110 896 stus
124 860 168 895 aute
183 855 247 895 oculos
260 853 374 893 Galatarum
387 867 428 906 perv
436 853 565 905 evangelium.
579 876 607 881 —
621 853 643 893 ἕο
657 850 707 904 ὑμῖν
721 852 840 907 ἕςαυρωμέ-

68 925 111 960 νος,
124 912 146 950 in
158 912 209 950 uotis
225 910 277 949 cnaei
289 908 335 961 aas)
349 908 411 948 torma
425 908 487 948 erucis
501 909 543 960 ejus
556 907 577 946 in
592 908 650 947 eorde
658 913 724 947 vestro
733 921 769 960 per
782 907 840 947 fidem

69 979 168 1018 expressa,
182 971 204 1005 ut
215 965 257 1016 jam
270 978 305 1003 vos
320 963 377 1003 etiam
392 978 435 1003 cum
449 963 484 1003 illo
498 963 664 1015 crucifigeremini,
681 978 696 1002 e.
706 970 723 1013 2,
733 969 765 1007 20.
779 966 798 1012 ἰι,
807 969 839 1006 19.

27 1029 29 1033 “
68 1026 108 1060 not.
123 1020 238 1072 praesertim
250 1020 271 1058 in
284 1018 304 1058 S.
318 1018 389 1057 Coena.

121 1089 140 1114 v.
149 1081 167 1116 2.
181 1070 256 1125 μόνον,
276 1071 344 1124 solcum)
364 1072 430 1112 Grave
448 1076 589 1123 argumentum.
603 1093 631 1099 —
649 1073 738 1121 μαθεῖν,
757 1070 840 1125 discere)

69 1128 117 1179 quid
130 1128 218 1168 sentiatis
229 1141 271 1166 vos.
299 1126 396 1178 Aculeus:
411 1127 473 1165 multa
486 1126 580 1165 didicistis
590 1139 615 1165 ex
625 1139 667 1176 me;
684 1140 720 1179 ego
731 1126 769 1166 hoe
778 1126 840 1165 solum

68 1183 113 1221 volo
128 1197 139 1222 a
153 1183 210 1221 vohis
224 1182 304 1220 discere.
318 1203 346 1208 -
360 1181 380 1228 ἔξ
394 1178 460 1234 ἔργων
474 1175 540 1231 uiuo,
555 1195 580 1220 coe
594 1182 682 1232 operibns
696 1181 751 1234 lepis)
764 1182 785 1220 in
800 1182 841 1232 qui-

68 1237 106 1276 bus
117 1237 215 1288 justitiam
230 1236 328 1286 quaeritis.
346 1257 374 1264 -
393 1231 418 1275 τό
432 1235 525 1284 πνεῦμα,
544 1235 647 1287 Spiritum)
663 1234 690 1289 [in
705 1250 742 1287 qno
755 1236 845 1275 DEUM

69 1293 195 1342 conpellente
207 1292 292 1337 Patrem,
306 1289 333 1327 V.
347 1289 374 1344 g.]
389 1301 425 1341 per
441 1288 557 1327 charismata
572 1290 703 1340 conspicuum,
716 1303 736 1327 v.
746 1294 765 1332 5.
778 1290 841 1329 Marc.

70 1351 142 1393 15,17.
156 1345 219 1384 Hebr.
227 1351 245 1392 2,
254 1347 273 1387 ll·
301 1343 401 1382 {iustitiam
415 1343 518 1380 comitatur
530 1342 602 1382 donum
611 1340 702 1395 Spiritus.
717 1357 737 1382 v.
746 1347 778 1387 11.
790 1344 841 1396 Eph.

70 1404 88 1447 1,
97 1406 128 1443 15.
156 1399 205 1439 Ideo
219 1397 278 1450 saepe
293 1398 375 1437 alterum
389 1410 424 1449 pro
435 1397 497 1436 altero
507 1398 592 1448 ponitur.
610 1396 659 1437 conf.
671 1402 710 1437 not.
726 1398 751 1436 ad
758 1398 814 1438 Rom.
823 1405 842 1447 6,

70 1458 103 1497 18.
130 1453 175 1492 Hoc
189 1457 323 1505 argumentum
337 1452 432 1503 repetitur
446 1456 540 1500 ve1·su5.‚
557 1458 576 1491 et
589 1452 692 1504 interjecto
706 1466 725 1491 v.
734 1456 780 1497 5-1.
796 1467 842 1505 pon-

70 1506 106 1546 dus
125 1507 209 1546 additur.
234 1507 300 1548 Porro
313 1507 387 1545 Paulus
406 1506 426 1543 iu
440 1506 477 1544 hae
490 1518 530 1544 una
544 1519 579 1545 sua
594 1507 685 1558 epistola,
707 1520 767 1558 quum
785 1508 842 1547 toties

69 1562 156 1600 nominet
166 1561 265 1614 Spiritum,
275 1566 344 1600 tamen
357 1560 461 1612 epitheton,
476 1566 569 1609 salictam,
581 1574 606 1599 ne
616 1562 676 1600 semel
687 1561 766 1612 quidem
778 1562 841 1611 addit;

70 1616 91 1654 id
107 1616 160 1668 quod
173 1630 211 1655 nou
225 1621 297 1655 temere
311 1615 381 1654 fecisse
394 1615 478 1653 videtur.
495 1628 564 1666 nempe
575 1616 672 1667 epitheton
681 1616 731 1655 illud
746 1623 775 1656 est
783 1617 842 1656 valde

72 1670 155 1720 laetum3
175 1677 195 1710 at
208 1671 258 1710 haec
272 1670 356 1722 epistola
369 1670 428 1721 plane
442 1681 517 1707 severa.
531 1692 560 1698 —
572 1669 597 1718 ἦ,
612 1670 646 1723 aaa)
661 1671 706 1709 Duo
721 1669 794 1710 directe
809 1685 843 1723 op-

72 1726 141 1776 posita.
156 1746 184 1753 —
197 1724 218 1770 ἐξ
232 1722 297 1773 ἀκοῆς
311 1724 397 1772 nisime,
419 1737 443 1761 en
458 1724 525 1761 anain
532 1724 589 1775 fidei)
604 1725 707 1776 Exquisite
721 1725 749 1764 sie
764 1726 842 1765 denota·

72 1784 104 1817 tur
117 1785 187 1818 natura
200 1778 254 1827 fidei,
268 1792 308 1816 non
322 1777 429 1829 operantis,
447 1777 482 1815 sed
495 1778 612 1829 recipientis.

125 1840 171 1876 115.
185 1832 239 1879 ittae
253 1828 351 1881 ἀνόητοι,
370 1833 417 1871 acteo
431 1832 549 1885 insipientes)
563 1830 616 1879 ἕτως
630 1833 677 1871 facit
692 1832 781 1884 epitasin.
804 1848 843 1873 non

72 1888 129 1927 modo
143 1889 237 1940 picturam
251 1886 322 1925 Christi
337 1886 475 1936 evangelicam,
489 1886 595 1924 sedetiam
610 1887 682 1926 donum
696 1887 781 1939 Spiritus
795 1902 843 1941 neg-

71 1941 142 1993 ligitis,
158 1941 212 1993 quod
225 1941 285 1980 multo
299 1940 362 1990 magis
376 1941 396 1978 in
408 1953 486 1978 sensum
495 1939 613 1980 incurrebat.
633 1941 674 1980 vid.
685 1943 711 1981 ad
726 1942 789 1984 1001.
798 1949 816 1990 1,
824 1949 843 1986 6.

63 2017 99 2024 »-
113 1992 256 2050 ἒοαρξοῖμεοοο,
271 2009 313 2033 cnm
327 1993 442 2047 acceperitis)
456 1993 513 2033 Initio
527 1996 635 2047 respondet
648 2009 770 2048 progressus.
798 1997 844 2038 Non

73 2051 130 2090 datur
141 2049 253 2101 justificatio
268 2048 354 2087 secunda
367 2063 403 2100 per
417 2062 478 2100 opera
486 2049 543 2101 legis.
558 2073 586 2078 —-
599 2049 646 2101 οὖν,
660 2051 720 2104 tanne)
736 2066 794 2104 quum
803 2067 843 2092 ma·
892 2070 893 2074 ¹

71 2105 102 2155 gis
119 2104 221 2154 magisque
240 2102 339 2141 deberetis
355 2103 466 2154 spirituales
484 2103 536 2151 fieri,
556 2104 625 2144 relicta
643 2114 707 2145 earne.
726 2129 754 2135 —
773 2108 843 2159 ononi,

71 2157 137 2210 catate)
156 2157 290 2204 Hehr.9,10.
311 2155 369 2211 [Phil.
381 2164 399 2205 5,
412 2164 430 2200 2.
449 2156 506 2196 Rom.
517 2164 536 2206 2,
548 2157 588 2213 28]
618 2159 664 2199 Siue
678 2161 737 2200 dubio
751 2166 843 2213 putarant

71 2211 163 2259 Galatae,
179 2225 200 2250 se
214 2211 328 2262 profundius
341 2211 362 2250 in
374 2212 469 2265 Spiritum
482 2212 517 2250 ire.
538 2213 596 2253 facile
609 2220 676 2266 potest
691 2229 735 2254 earo
749 2229 785 2268 pro
799 2216 843 2268 Spi-

23 2295 26 2299 .
71 2266 118 2314 ritu,
134 2266 192 2304 etiam
206 2279 218 2317 a
231 2265 385 2316 profluentibus,
404 2266 482 2314 haberi,
502 2267 540 2305 nisi
553 2275 644 2309 maneant
658 2269 678 2308 in
692 2269 730 2309 fide
744 2284 801 2323 pura.
815 2292 843 2299 -

59 2319 211 2372 ,ἒπιηλεῖσθῃ
226 2321 391 2372 coiinianmnanini)
407 2321 433 2359 ad
446 2321 503 2359 finem
517 2321 619 2362 tendentes
624 2354 629 2372 ,
645 2320 722 2363 carnem
736 2326 842 2364 sectamini.

72 2372 141 2412 Omnia
155 2373 192 2412 fine
207 2379 343 2413 consentisset
358 2376 418 2414 exitu.

124 2432 171 2472 ult.
186 2425 286 2482 tuaene)
302 2431 360 2481 possi
373 2431 426 2470 estis:
448 2430 494 2470 dum
512 2431 652 2484 patientissime
672 2433 731 2486 (quoe
746 2433 842 2485 patientia

70 2481 144 2522 frtrotus
159 2488 188 2522 est
198 2482 290 2536 Spiritus)
306 2485 424 2524 sustinuistis
437 2486 589 2538 pertulistisque.
598 2500 635 2535 me,
650 2500 709 2538 quum
723 2488 779 2527 vobis
788 2488 842 2528 Chri-

70 2541 122 2576 stum
136 2537 216 2590 ejusque
232 2551 308 2577 crucem
322 2540 347 2579 ob
362 2540 429 2579 oeulos
443 2540 550 2592 pingerem¹
565 2555 584 2580 v.
593 2546 610 2583 1.
621 2546 660 2580 not.
676 2542 728 2581 etin
741 2556 776 2583 vos
787 2543 842 2583 labo:

70 2605 139 2641 rarem,
154 2592 240 2632 infirmus
255 2606 318 2643 earney
334 2599 356 2633 ut
371 2595 486 2646 explicatius
500 2596 587 2647 loquitur
596 2609 621 2635 ex
634 2591 742 2646 interuallo,
758 2600 801 2646 eli,
810 2604 841 2642 11.

71 2646 113 2698 (ubi
130 2649 225 2699 repetitur
243 2649 314 2688 vocula
331 2650 386 2698 ιίκῆ,
401 2650 492 2704 frustra)
511 2657 542 2693 15.
556 2664 597 2702 seq.
625 2652 670 2691 Non
689 2652 744 2699 dicit,
758 2653 841 2701 fecistis,

71 2701 123 2753 (coll.
139 2708 151 2744 2
159 2702 203 2741 Joh.
215 2716 235 2741 v.
243 2703 273 2754 8.)
288 2703 334 2755 quia
342 2711 443 2754 operantes
451 2706 489 2744 hoe
497 2705 542 2744 loeo
551 2706 632 2745 refutat:
647 2706 694 2745 dicit
703 2711 773 2755 autem,
784 2708 843 2758 passi

70 2756 122 2805 estis,
142 2757 202 2796 valde
212 2758 307 2813 proprie5
326 2771 372 2796 nam
381 2760 468 2810 patitur,
488 2760 521 2812 qui
535 2760 620 2812 paritur,
641 2763 684 2809 cli,
696 2766 728 2803 19.
746 2774 841 2812 necnon,

70 2810 104 2859 qui
118 2812 187 2850 currit:
209 2816 253 2860 c.5‚
264 2817 282 2854 7.
301 2817 320 2851 et
334 2815 431 2864 apposite,
452 2814 478 2853 ad
495 2814 631 2867 indignitatem
645 2815 842 2868 damniamplifican-

39 2878 41 2880 ’
71 2863 121 2904 dam.
143 2865 188 2922 lion
197 2866 295 2906 dissimilis
304 2880 351 2906 usus
360 2868 419 2921 hujus
427 2869 488 2918 verbi,
503 2869 563 2909 Amos
570 2875 588 2918 6,
597 2876 615 2913 6,
629 2870 688 2908 Zach.
697 2874 729 2917 11,
738 2875 763 2917 5.
778 2871 841 2910 Iuter-

71 2917 116 2959 dum
130 2923 152 2961 nt
168 2919 270 2974 ροίσχειο,
286 2918 371 2975 οἷγαθόο
385 2918 486 2976 πάσχειν,
506 2929 536 2964 est
549 2922 638 2977 beazqieio'
649 2925 711 2973 affici,
724 2923 809 2965 Baruch.
821 2932 841 2975 6,

70 2978 102 3015 55.
131 2974 171 3014 Sed
185 2976 234 3015 haec
249 2975 328 3028 quidem
341 2977 395 3025 notio
403 2992 421 3040 ¹a
430 2978 493 3018 Paulo
505 2992 545 3018 non
559 2985 588 3019 est
602 2978 694 3018 adhibita.
709 3001 737 3007 -
750 2981 791 3034 εἴγε
805 2980 842 3022 καὶ

94 3095 114 3140 a)
126 3096 299 3181 Seponenclplmgeno
312 3109 353 3142 esse,
366 3097 457 3146 utriusque
467 3101 500 3135 Ed.
512 3112 577 3150 manao,
591 3100 705 3136 emesentiente
717 3100 767 3136 Vers.
780 3114 841 3149 germ„

129 3152 193 3182 annuet.
233 3170 238 3182 .
266 3170 270 3181 .
