1922 3513
143 215 182 260 res
422 211 491 250 acon,
503 211 542 254 nv,
555 214 639 250 ae—ae.

146 308 167 347 in
180 312 253 357 morte3
269 312 366 361 postremo
379 311 466 356 mortem,
481 307 501 345 in
514 306 654 346 resurrectione
664 303 745 344 desinit:
762 302 869 355 eodemque
884 316 913 342 or-

147 363 192 401 dine
206 361 291 402 hostium
304 363 396 415 potestati
415 363 471 414 cripit
489 362 557 401 fideles
570 362 680 410 universos3
691 358 769 401 veedem
782 358 847 397 hostes
860 358 914 410 ipsos

147 418 235 457 destruit.
264 418 337 457 lterum
352 417 414 456 dices:
435 418 672 461 Quonrcdomorsaltbna
686 416 773 461 ebolena,
788 414 806 452 a·
818 426 913 452 resurrec-

147 474 172 522 tio
186 478 304 513 nazarenorum
315 473 415 524 praeeedit
428 472 546 511 abolitionem
561 471 650 511 OMIMS
660 469 789 508 IMPERII?
805 467 865 519 Resp.
875 467 914 506 Re·
943 500 944 504 ,

147 528 287 567 surrectionem
300 528 365 566 statim
379 527 466 578 sequitur
477 526 580 577 judicium,
600 540 642 564 cum
657 538 695 575 quo
710 524 811 574 conjuncta
826 527 855 561 est
869 522 914 562 abo-

146 582 190 622 litio
205 583 265 621 errantis
279 583 365 632 ratperti.-
387 587 446 632 atque
463 581 514 619 hauc
528 581 593 620 statim
611 579 683 632 excipit
697 578 776 618 abolitio
790 576 856 616 mortis
872 591 915 616 eum

148 636 228 675 inferno.
258 635 312 674 Ordo
327 635 436 674 abolitionis
451 635 566 674 describitur
576 635 615 686 Ap.
624 640 654 682 19,
663 639 694 675 20.
709 638 740 681 20,
749 638 781 675 ll).
790 634 821 675 lla.
849 631 915 670 Debet

148 697 214 730 arrtem
233 703 295 730 sermo
316 690 378 740 accipi
393 689 554 740 reduplicatiuez'
568 690 634 727 hostes
653 688 785 734 destruentur,
803 691 825 725 ut
842 685 914 725 hostes.

147 746 238 797 Namque
253 745 311 783 etiam
324 748 393 794 postea
403 743 485 782 Satanas
500 744 536 781 erit
545 742 744 792 Satanaspinfernus
758 740 853 790 infernum
869 741 914 780 hoe-

148 800 174 849 di,
188 798 293 839 maledicti.
320 798 451 837 Destruentnr
465 797 539 836 scilicet
552 797 617 848 prins,
633 802 677 835 ante
691 801 777 846 mortem,
792 797 867 835 bostem
880 810 914 836 no-

147 855 257 899 vissimum,
276 865 314 891 non
331 857 353 890 ut
366 852 424 903 plane
437 865 476 890 non
490 852 537 899 sint,
557 851 607 890 sicut
620 864 683 900 mors;
702 864 766 903 neque
783 856 857 889 utnon
871 852 914 899 sint,

148 908 201 960 qnod
215 907 301 953 audiunt,
316 919 386 957 nempe
398 905 490 953 Satanas,
505 906 590 944 infernus
595 936 600 954 ,
614 905 723 944 maledieti:
740 906 775 948 sed
789 910 862 944 utnon
876 906 915 944 sint

146 964 217 1010 hostes,
232 961 350 1008 resistentes,
365 973 475 1012 repugnare
486 961 579 998 valentes.
597 960 696 998 namficnt
707 959 805 1007 debellati,
819 959 914 1007 imbelles,

147 1017 208 1068 capti,
228 1015 323 1066 supplicio
338 1013 412 1063 affecti,
431 1014 467 1053 sub
482 1014 566 1065 pedibus
577 1014 655 1053 Domini
668 1014 736 1053 nostri.
763 1013 851 1053 Abolitio
867 1015 914 1054 OM-

146 1071 195 1111 NIS
208 1070 327 1109 IMPERII
337 1082 376 1107 non
390 1068 449 1108 debet
464 1068 489 1108 ad
504 1069 628 1109 abolitionem
638 1069 722 1108 hostium
731 1069 838 1107 accenseri:
854 1069 915 1109 aboli-

146 1127 173 1165 tio
189 1130 253 1164 autem
266 1124 368 1176 potestatis
383 1124 471 1163 inimicae
482 1124 541 1175 juxta
553 1123 616 1176 Apoc.
626 1130 657 1172 19,
666 1129 697 1166 20.
717 1124 775 1162 ctiam
792 1128 836 1162 ante
855 1124 915 1163 aboli-

146 1182 219 1220 tionem
227 1180 295 1218 mortis
309 1179 338 1226 fit,
351 1192 409 1230 quam
419 1179 542 1230 subsequitur
552 1178 631 1217 abolitio
643 1178 732 1218 OMNIS
743 1179 850 1229 potestatis,
867 1180 915 1218 OM-

146 1235 196 1274 NIS
208 1234 289 1284 imperii.
318 1234 383 1272 Etiam
392 1234 444 1272 boni
458 1234 523 1284 angeli
540 1234 677 1272 nanciscuntur
690 1233 817 1281 vocationem.
835 1253 862 1259 -—
881 1233 915 1285 ἕχ-

147 1284 214 1341 θρός,
229 1288 296 1342 bostis)
309 1287 375 1336 Mors,
389 1288 461 1327 hostis:
481 1288 548 1339 itaque
561 1287 634 1326 homini
646 1287 700 1326 initio
714 1300 753 1325 non
765 1287 802 1326 fnit
814 1287 914 1326 naturalis.

149 1343 187 1394 Qui
200 1342 299 1394 negabant
313 1344 483 1390 resurrectionem,
503 1342 602 1394 negabant
622 1343 678 1381 etiam
698 1341 862 1380 immortalitatem
876 1342 915 1380 ani·
932 1370 935 1373 Δ

147 1411 196 1436 mae.
224 1397 262 1435 Illa
276 1397 384 1444 vindicata,
403 1398 452 1435 haec
466 1396 581 1436 vindicatur.
595 1418 623 1423 —-
637 1395 782 1449 καταργεῖται,
803 1396 914 1448 destruitur)

147 1452 250 1499 Praesens,
265 1451 385 1502 profuturo.
400 1475 427 1480 -—
442 1447 451 1492 ὁ
467 1448 574 1499 θαναιος,
588 1451 649 1503 attone)
663 1450 761 1489 Mentioue
775 1451 842 1489 mortis
857 1452 915 1491 conti-

147 1511 205 1545 netur
219 1505 277 1544 etiam
292 1506 390 1554 infernas,
406 1510 501 1558 quatenus
516 1505 649 1559 destruendus.
665 1508 724 1548 v.55.

202 1574 220 1598 r.
230 1565 261 1602 27.
276 1557 347 1599 adata
359 1556 407 1614 peip,
423 1561 486 1598 orama
494 1559 552 1612 ercinia)
562 1573 586 1598 nc
596 1565 658 1598 morte
668 1559 746 1610 quidem
756 1563 843 1611 excepta.
860 1560 916 1599 Psal-

147 1627 190 1653 mns
204 1613 268 1652 videri
279 1614 395 1664 possethac
404 1614 481 1666 syllaba
495 1611 520 1655 b:
536 1615 604 1661 θαααία,
621 1614 710 1652 animalia
723 1613 818 1653 duntaxat
830 1619 849 1653 et
858 1620 915 1663 astra,

149 1681 199 1720 quae
208 1668 300 1720 appellat,
315 1669 406 1706 innuere:
422 1669 458 1706 sed
471 1668 531 1706 multo
546 1682 590 1707 eum
602 1669 680 1720 longius
695 1673 789 1721 spectare,
804 1669 862 1708 docet
872 1683 917 1722 apo-

148 1722 214 1762 stolus.
243 1724 311 1769 Βααα,
327 1722 456 1773 subjiciuntur
469 1723 577 1761 lautissima
591 1724 707 1772 conditione3
723 1727 785 1772 azara,
800 1725 916 1763 tristissima.

147 1791 192 1816 nam
205 1777 254 1815 haec
268 1779 373 1824 abolentur,
389 1782 408 1815 et
422 1777 529 1816 scabellum
543 1778 615 1829 pedum
629 1778 682 1816 finnt.
697 1800 724 1806 —-
739 1773 843 1827 ὑπέταξεν,
857 1780 917 1829 sabje-

148 1831 181 1885 cit)
200 1832 254 1870 Dens
274 1838 291 1870 et
309 1832 375 1871 Pata.
405 1830 459 1870 Ocni.
479 1831 504 1870 ad
523 1828 641 1886 ὑποταγήα,
661 1831 711 1883 Ephe
721 1837 738 1880 l,
748 1840 779 1876 22.
793 1833 844 1873 Phil.
854 1841 872 1883 5,
884 1840 916 1877 21.

147 1886 209 1924 chr.
218 1892 236 1934 2,
245 1890 263 1928 8.
280 1885 419 1933 tPetr.5‚22.
434 1886 526 1935 subjiciet,
548 1899 583 1924 suo
597 1892 694 1938 tempore:
713 1888 754 1939 jam
767 1889 853 1937 subjecit,
872 1890 918 1941 quia

148 1941 203 1979 dixit.
222 1963 250 1968 -
268 1935 310 1980 ὑπό
325 1937 361 1986 zeb
375 1936 442 1986 πόδας
457 1938 519 1992 adad)
538 1941 578 1979 Sat
589 1942 649 1993 pedes
663 1943 703 1990 aas
722 1942 805 1993 subjecti
820 1949 865 1982 sunt
878 1958 917 1983 non

147 1994 206 2034 modo
221 1995 292 2042 hostes,
308 1993 344 2032 sed
357 1994 415 2032 etiam
427 1999 496 2033 cetera.
511 1995 561 2047 Eph.
572 2001 589 2043 1,
598 2002 629 2039 22.
657 1994 782 2036 Locutio-est
791 1997 916 2048 synecdochi-

149 2063 181 2088 ca:
199 2049 263 2088 cnnn‘a
279 2049 296 2086 ei
310 2048 448 2099 subjiciuntur:
465 2052 484 2086 et
499 2061 586 2100 eaquae
601 2063 622 2089 se
637 2056 737 2101 opponunt
750 2065 814 2102 neque
828 2052 917 2105 subjecta

78 2145 80 2152 ⁴
149 2116 192 2142 esse
206 2102 284 2149 volunt,
303 2102 361 2152 plane
376 2102 402 2140 ad
415 2102 475 2154 pedes
491 2102 619 2143 detruduntur
633 2109 726 2156 tauquam
740 2106 853 2145 scabellum.
880 2107 917 2146 Est

148 2170 195 2197 saue
211 2156 313 2195 discrimen
326 2157 376 2195 inter
390 2152 415 2196 τό
429 2157 495 2205 sccbjicz'
508 2159 541 2196 sub
552 2161 612 2208 pedes
627 2164 646 2197 et
656 2159 707 2198 inter
720 2159 745 2201 nd
759 2162 804 2199 dari
813 2162 834 2200 in
842 2175 916 2201 tanaitas.

148 2212 193 2251 Non
207 2217 272 2250 tamen
285 2210 336 2248 illud
349 2216 389 2249 tam
403 2210 507 2248 crudeliter
521 2212 629 2263 intelligere
644 2213 699 2252 licet:
721 2214 769 2253 alias
783 2228 821 2253 non
835 2216 917 2255 haberet

148 2267 214 2306 locum
228 2264 318 2317 exceptio
333 2271 413 2316 praeter
427 2278 470 2303 eccm
483 2266 517 2315 qni
530 2267 611 2315 sabjmd.
625 2288 652 2294 -
667 2268 723 2317 elna,
741 2269 800 2320 ctam]
814 2271 916 2321 propheta.

147 2321 210 2360 chr.
219 2327 237 2369 2,
246 2325 264 2362 6.
279 2341 307 2347 ——
321 2320 393 2368 δῆλον,
408 2319 463 2358 rinnai
472 2319 540 2373 estana)
553 2319 572 2358 N
574 2334 603 2359 am
616 2320 676 2360 Pater
689 2313 728 2360 nim
742 2323 843 2374 subjicitur
854 2323 915 2373 Filio,

147 2377 182 2415 sed
201 2375 243 2429 (δὲ,
259 2388 277 2412 v.
287 2372 327 2425 28.)
342 2373 404 2412 Filius
416 2373 477 2412 Patri.
506 2373 604 2413 Summam
618 2388 683 2415 rerum
697 2377 782 2415 omnium
801 2390 826 2416 ex
837 2377 916 2417 Psalmo

148 2434 238 2483 potenter
253 2433 273 2467 et
287 2428 385 2479 sapienter
400 2428 518 2468 demonstrat
532 2429 638 2481 apostolus.

202 2498 221 2522 v.
230 2489 263 2525 28.
283 2479 389 2539 ὑποταγῇ,
406 2484 488 2532 sabjecta
497 2484 582 2536 suerint)
597 2485 625 2523 ita
643 2488 665 2523 ut
678 2484 698 2522 iu
713 2489 812 2524 aeternum
825 2500 916 2526 mansura

149 2539 187 2577 sint
197 2537 291 2589 subjecta
299 2559 327 2564 -
340 2535 396 2589 τότε)
411 2544 450 2576 treta
459 2537 541 2576 demum.
570 2539 635 2578 Antea
645 2539 792 2579 conflictandum
802 2554 879 2593 semper
888 2546 917 2581 est

149 2605 192 2632 cum
206 2590 301 2630 hostibus.
315 2611 344 2622 —-
357 2591 401 2643 nal)
416 2592 478 2630 etiam.
492 2613 519 2618 —
534 2589 605 2645 αὐτός)
620 2595 666 2645 t'pee,
681 2594 738 2633 ultro.
766 2596 811 2646 Ipse
825 2596 856 2635 hic
870 2596 917 2636 facit

148 2647 257 2686 antitheton
271 2644 297 2683 ad
311 2646 380 2692 onnaia,
395 2650 417 2683 ut
431 2645 504 2683 infinita
519 2646 620 2686 denotetur
635 2648 750 2687 excellentia
758 2649 814 2687 Filii:
832 2656 851 2689 et
861 2664 917 2702 prae-

148 2708 207 2749 terea,
221 2705 243 2740 ut
257 2712 322 2751 saepe,
338 2699 433 2751 siguificat
448 2699 541 2750 quiddam
554 2704 692 2742 narranaam.-
707 2716 752 2741 nam
762 2703 824 2742 Filius
839 2717 860 2743 se
872 2706 917 2746 sub·

148 2756 225 2795 ordinat
235 2754 300 2793 Patri:
316 2754 376 2794 Pater
387 2752 461 2792 Filium
473 2753 573 2805 glorificat.
602 2755 711 2795 Gloriosius
727 2762 755 2795 est
766 2771 836 2797 nomen
844 2759 883 2799 Dei
898 2766 917 2800 et

147 2810 223 2858 Patris,
239 2814 257 2848 et
268 2808 322 2857 Filii,
339 2823 397 2861 quam
409 2807 476 2860 Regis.
505 2809 549 2848 Hoc
562 2823 631 2849 nomen
646 2810 670 2849 ab
685 2811 718 2850 illo
733 2811 880 2863 absorbebitur,
895 2820 917 2855 ut

148 2870 206 2905 antea
220 2864 287 2903 exillo
301 2864 391 2903 fluxerat.
406 2885 433 2891 -
448 2859 459 2904 ὁ
473 2858 526 2913 υἱός,
541 2864 612 2918 Filias)
624 2864 717 2915 Christus,
731 2867 838 2908 secundum
845 2874 917 2909 utram·

148 2933 186 2972 que
200 2924 295 2967 naturam,
310 2919 368 2958 etiam
383 2918 474 2957 divinam.
489 2918 510 2956 id
525 2918 578 2969 quod
591 2932 629 2958 non
643 2925 683 2959 tam
697 2933 722 2959 cx
736 2934 758 2961 eo
770 2923 856 2976 colligas,
871 2925 917 2977 quia

148 2976 178 3014 bie
186 2974 248 3013 Filius
259 2974 375 3026 appellatur,
391 2973 439 3012 conf.
452 2976 491 3012 not.
502 2972 528 3011 ad
539 2973 600 3013 Marc.
609 2980 640 3023 15,
648 2982 686 3023 52,
701 2989 759 3028 qnam
769 2978 815 3029 qnia
824 2992 916 3030 expresse

149 3029 283 3067 consideratur
297 3028 317 3066 in
330 3028 424 3069 relatione
440 3028 465 3067 ad
477 3026 562 3066 Patrem.
590 3028 632 3068 Nec
646 3035 711 3070 tamen
724 3031 756 3070 hic
770 3044 833 3071 sermo
848 3038 877 3072 est
892 3033 917 3072 de

147 3082 204 3133 Filio,
220 3087 314 3135 quatenus
326 3082 386 3124 Pater
401 3088 420 3123 et
432 3083 494 3123 Filius
507 3095 567 3124 unum
581 3089 635 3134 sunt,
653 3097 703 3137 quae
717 3086 796 3138 quidem
809 3087 873 3139 unitas
888 3100 916 3128 ce-
