1922 3513
311 243 326 275 ο
339 236 389 273 eoa.
402 237 436 282 nr,
449 242 525 277 5-14.
780 241 815 276 ree

44 332 78 369 aut
85 327 185 381 perficere.
206 328 274 370 Inesse
285 321 382 385 ασίδδατα
388 333 466 373 videtur
475 333 584 374 mimeseos.
605 331 650 371 Non
662 331 713 370 enim
722 333 816 385 cogitant,-

43 397 92 437 quos
101 383 156 423 Deus
167 383 218 434 agit:
232 384 254 423 id
267 392 305 435 est,
319 388 347 426 nil
362 388 466 440 cogitando
477 388 553 442 fingimt
568 391 602 427 aut
616 385 724 427 elaborant.
738 387 813 431 2Petr.

43 445 65 488 1,
80 443 112 481 21.
126 460 153 466 -
168 439 195 490 τί)
210 440 320 492 quicquam,
334 442 367 481 vel
380 443 485 482 minimum.
807 446 809 449 ’

96 504 115 531 v.
127 498 146 535 6-
161 494 206 541 καὶ,
225 494 289 546 etiam)
309 496 401 548 Epitasis.
420 497 552 545 sufficientiam
567 494 623 533 dedit
638 493 707 542 nobis,
727 498 747 532 et
763 496 814 542 saffi-

42 546 133 586 cientiam-
144 545 268 587 diaconorum
281 548 305 587 N.
315 549 338 589 T.
354 563 404 602 quae
417 552 478 591 multo
492 552 538 603 plus
551 548 645 601 postulat.
654 566 683 576 -—
696 543 754 597 ἡμᾶς
767 548 815 587 δια-

42 595 116 651 κόνας,
129 614 165 640 nos
178 602 281 656 ministros)
301 603 411 658 Appositis.
425 628 453 634 -
467 604 553 655 ααινῆς,
567 602 622 657 naui)
641 601 767 651 antitheton,
784 615 815 641 oe-

42 656 93 695 tert's·
107 660 166 699 mll-
179 678 207 684 -
222 654 257 707 ου’,
270 658 316 712 nen)
335 661 387 701 Νονί
401 661 524 701 Testamenti:
542 660 565 698 id
578 664 616 707 est,
634 671 673 698 non
688 659 764 706 literae,
782 658 816 696 sed

42 710 132 761 Spiritus.
151 711 191 750 vid.
206 712 262 751 Rom.
274 718 291 763 7,
304 719 322 757 6.
335 727 390 767 seqq.
406 730 449 756 eum
464 720 528 754 annot.
543 735 571 741 —
584 708 721 768 γράμματος,
740 712 814 765 literae)

42 764 117 804 Paulus
132 766 244 805 etiamdum
257 767 306 807 liaeo
319 771 404 821 scmpsit,
418 784 457 809 non
467 770 546 817 literae,
561 768 598 808 sed
611 768 692 818 spiritus
705 767 815 806 ministrum

43 819 88 870 egit.
116 819 183 859 Moses
197 822 218 860 in
229 823 307 874 proprio
320 823 354 862 illo
364 824 424 863 officio
438 838 484 872 suo,
500 824 558 862 etiam
567 836 611 862 enm
620 821 675 860 haud
683 822 771 873 seripsit,
785 826 814 860 ta-

41 886 86 913 men
104 874 124 912 in
137 871 195 913 litera
208 883 297 916 versatus
312 882 347 916 est.
359 899 386 906 -
400 874 528 929 πνεύματος,
548 876 636 929 spiritns)
657 877 712 927 cujus
731 877 814 916 ministe-

41 929 92 967 riam
105 929 198 980 majorem
212 934 233 969 et
245 932 327 981 gloriam
339 932 399 971 habet
414 937 433 970 et
446 933 571 983 capacitatem
583 931 670 982 requirit.
678 952 706 958 —
714 928 813 971 α’ττοκτεί-

41 982 81 1036 νει)
96 983 173 1030 occidit;
187 990 310 1035 peecatorem
323 987 434 1026 exstimulat
444 986 469 1025 ad
483 998 560 1024 sensum
570 986 644 1029 mortis.
656 998 701 1024 nam
715 985 732 1023 si
743 998 812 1037 peeca-

41 1043 72 1076 tor
86 1037 148 1076 vitam
161 1038 251 1088 haberet,
266 1046 369 1093 antequam
382 1040 509 1089 litoravenit3
523 1040 653 1079 vivificatione
667 1053 703 1092 per
717 1039 812 1091 Spiritum

41 1104 80 1130 non
95 1097 146 1132 esset
160 1105 214 1145 opus.
242 1094 288 1134 Hue
302 1095 351 1134 eonf.
365 1109 385 1135 v.
400 1108 440 1147 seq.
456 1096 527 1134 mortis.

94 1160 114 1185 V·
123 1151 141 1190 7.
156 1144 170 1196 ri
184 1149 289 1198 διακονία,
304 1150 436 1201 rreinisteniam)
451 1162 489 1202 quo
503 1149 569 1188 Moses
582 1147 707 1200 fungebatur.
716 1170 744 1175 -
755 1147 813 1188 ἐντε-

40 1200 159 1254 τυπωμένη)
173 1201 245 1251 LXX,
259 1206 405 1255 νεκολαμμένη.
422 1205 460 1243 Ex.
471 1210 507 1252 52,
522 1209 554 1247 16.
569 1224 597 1230 —
610 1205 691 1250 littore,
707 1200 812 1254 lapidibus)

40 1254 128 1293 Fuerunt
141 1255 201 1306 igitm·
211 1257 261 1296 duae
274 1258 353 1297 tabulae
362 1258 461 1306 diversae,
475 1271 515 1296 non
529 1271 555 1296 ex
567 1270 606 1296 mio
619 1256 693 1307 lapide.
707 1256 746 1295 Ex.
754 1258 786 1303 54,
794 1262 815 1298 1.-

41 1309 154 1360 impressum
168 1311 273 1361 tepiditas,
294 1317 323 1351 est
336 1311 442 1351 declaratio
455 1312 512 1350 inuisi
524 1311 594 1361 liujus,
612 1310 634 1349 in
648 1310 713 1348 literis.
727 1331 755 1338 —-
768 1308 814 1362 ἔγε-

40 1361 134 1412 νήθη-ἰν
145 1359 201 1419 δόξῃ)
216 1373 274 1405 nacta
287 1372 315 1405 est
325 1367 414 1418 ploriam.
435 1365 531 1418 γίνομαι,
540 1366 580 1416 fio,
595 1369 614 1403 et
628 1364 679 1414 sipi,
693 1378 744 1412 sain,
759 1368 812 1413 v.8·,

41 1416 174 1456 differunt.-—
181 1415 211 1470 pri
225 1415 333 1461 δύνασθαι
347 1418 452 1472 dveniens]
466 1419 504 1457 Ex.
512 1422 544 1467 54,
553 1424 592 1465 30,
606 1415 745 1470 ἐφοβήθησαν
756 1417 814 1471 s'ypc'·

41 1486 78 1512 σαι
93 1468 158 1525 αὐτῷ.
171 1495 199 1501 -
212 1473 320 1525 μωϋσίως,
335 1474 416 1527 Moysis)
433 1474 454 1512 in
468 1486 504 1512 sua
517 1472 616 1512 functione
629 1471 732 1511 versantis.

94 1538 113 1564 V·
124 1530 142 1569 8.
157 1523 212 1581 ἑξαν)
227 1528 267 1568 erit.
288 1528 384 1584 Loquitur
392 1541 424 1571 ,ex
438 1523 544 1581 prospectu
554 1527 580 1566 V.
592 1527 615 1565 T.
627 1526 647 1565 in
660 1538 740 1572 nouum.
755 1524 812 1575 adde,

40 1593 101 1631 spent,
116 1593 135 1619 v.
151 1586 182 1624 12.
396 1597 399 1599 ·
736 1583 738 1585 ’

93 1648 113 1672 v·
128 1640 147 1677 9·
162 1635 311 1689 κατακρίσεως
325 1631 468 1686 δνκαιοσίνης,
479 1635 651 1676 condemnationis:
658 1635 756 1690 justitiae)
771 1634 811 1682 Per

40 1687 90 1726 haue
104 1690 165 1728 multo
180 1691 241 1741 magis
256 1703 315 1741 quam
329 1703 365 1743 per
378 1692 433 1730 illam
443 1690 528 1742 refulget
536 1691 574 1729 Dei
588 1689 657 1741 gloria.
684 1690 752 1729 Litera
766 1704 809 1729 con-

40 1743 127 1782 demnat:
141 1746 271 1784 condemnatio
285 1751 367 1784 mortem
379 1744 459 1796 infligit:
478 1744 574 1797 Spiritus,
593 1757 636 1783 cum
647 1743 734 1794 justitia,
748 1744 810 1784 vitam

41 1795 102 1836 affert.
117 1822 144 1829 -
159 1794 221 1848 δόξα,
233 1799 305 1852 pluria)
320 1799 448 1838 Abstraetinn
459 1812 495 1850 pro
510 1803 608 1844 concreto,
622 1797 725 1837 brevitatis
739 1800 809 1849 gratia.

93 1864 113 1889 ν.
128 1857 161 1895 ll).
179 1851 227 1893 οὐδὲ
242 1850 365 1903 deditaque,
382 1867 406 1892 ne
422 1855 548 1905 plorpicatnm
567 1853 641 1903 quidem
660 1852 696 1906 est)
716 1851 809 1904 Sequitur

39 1916 86 1943 mox
98 1905 198 1955 limitatio,
216 1907 237 1946 in
251 1908 288 1945 liae
297 1914 362 1959 parte.
389 1908 464 1946 Lumen
477 1907 540 1958 majus
554 1907 646 1945 obseurat
659 1906 729 1945 minus.
744 1929 772 1935 -
786 1908 810 1948 τό

41 1959 193 2011 δεδοξασμένον,
201 1961 252 2012 ploni
265 1961 336 2014 catam)
351 1960 383 2000 Sio
390 1960 457 2009 LXX,
465 1961 502 1999 Ex.
510 1964 542 2009 ὅίι,
554 1967 587 2004 29.
595 1965 634 2006 55..
647 1970 684 2011 'inp
695 1955 815 2008 esttenete.

48 2035 56 2039 -
94 2027 112 2052 v·
128 2019 159 2056 ll·
174 2012 211 2055 διαί
225 2016 294 2064 dodae·
309 2013 330 2054 ἐν
346 2010 406 2069 δόξῃ)
416 2029 455 2066 per
468 2016 562 2068 pieriam:
576 2015 597 2054 in
610 2013 684 2067 pieria)
698 2013 810 2064 Perimulae

40 2068 179 2106 convenienter
188 2069 281 2108 variatae.
310 2067 400 2108 Subaudi
413 2075 446 2109 est.
455 2093 483 2099 —
491 2067 516 2111 τδ
529 2068 599 2120 μένον,
613 2070 666 2121 qnod
678 2069 751 2122 manet)
764 2069 810 2110 Non

38 2126 104 2159 manet
117 2123 160 2172 ipsa
174 2122 277 2170 διακονία,
291 2122 422 2172 ornamentum,
438 2129 457 2163 et
472 2123 567 2175 quiequid
581 2137 606 2162 en
616 2129 676 2175 parte
690 2129 729 2171 est,
745 2123 809 2166 lCor.

39 2180 71 2223 15,
86 2180 125 2224 lt),
139 2175 175 2215 sed
189 2174 279 2228 Spiritus,
288 2176 370 2228 justitia,
385 2177 432 2217 vita.
454 2178 502 2217 Ideo
516 2182 607 2217 neutrum
621 2190 684 2229 genus
699 2177 809 2218 adhibetur.

92 2243 112 2268 V·
127 2235 159 2273 12.
175 2229 255 2280 ἐλπίδα,
269 2231 331 2285 spem)
345 2233 449 2273 Fiduciam
462 2232 511 2272 dixit
524 2246 544 2272 v.
559 2236 584 2281 lu,
599 2246 651 2271 nune
663 2246 724 2283 spem,
738 2231 810 2273 intuitu

40 2283 87 2335 ejus,
101 2286 153 2337 quod
166 2292 235 2334 maliet,
249 2299 269 2323 v.
284 2291 316 2329 M.
330 2308 359 2314 —-
372 2287 488 2343 παρ’ῥησίᾳ)
503 2293 572 2339 operta
586 2288 656 2338 apendi
667 2288 748 2333 ratione.

92 2352 112 2378 V·
128 2345 159 2383 15.
174 2341 209 2381 καί
220 2338 240 2389 u’,
254 2355 278 2380 ac
286 2341 334 2394 noa)
349 2341 437 2381 Subaudi
450 2356 515 2381 secians
525 2345 558 2381 aut
564 2342 658 2390 facienes.
666 2340 809 2393 -κοίλυμμα)

40 2390 73 2431 Sie
86 2393 160 2443 LXX,
174 2394 187 2433 l.
202 2408 218 2434 e.
233 2416 261 2424 »-
277 2390 330 2448 πρδς
345 2392 369 2437 τδ
383 2391 423 2448 μδ]
440 2391 513 2450 niis,
531 2396 566 2443 ad,
586 2395 731 2447 congruentiam
747 2400 814 2444 notat,-

40 2447 85 2487 eoll.
103 2448 175 2489 Mattlr.
190 2454 221 2498 19,
236 2455 255 2493 8.
282 2450 334 2490 Nam
351 2447 377 2491 τδ
390 2446 420 2500 μή
434 2445 530 2490 circuierat
546 2455 588 2488 erat
602 2456 647 2489 ante
666 2449 809 2501 impositionem

39 2501 152 2544 velaminis:
167 2504 203 2544 sed
215 2505 258 2556 ipso
273 2504 377 2557 splendore
386 2503 448 2543 Musis
462 2504 599 2554 posterius,-v.
608 2509 627 2547 7.
642 2517 703 2556 quare
717 2503 758 2543 illie
769 2502 810 2551 ὥςε

39 2557 122 2607 ponitur.
152 2558 210 2609 Quod
225 2560 249 2598 de
264 2560 321 2599 Mose
336 2558 415 2607 dieitur,
429 2557 504 2597 Paulus
518 2557 543 2597 de
558 2559 650 2598 ministris
665 2558 690 2597 N.
705 2557 729 2598 T.
743 2563 809 2610 negat,

39 2623 109 2664 nempe
123 2618 185 2653 totum
199 2613 255 2664 illud,
266 2628 340 2667 ponere
353 2615 445 2663 uelamen,
459 2627 483 2653 ne
497 2614 602 2666 inspiciant
613 2614 720 2654 Isra'e'litae.
744 2613 809 2664 Saepe

40 2666 115 2718 aliquid
124 2668 215 2709 inseritur
228 2670 249 2708 in
262 2670 354 2722 protasio,
369 2669 422 2721 quod
436 2667 542 2721 proprie-in
554 2669 648 2722 apodosin
661 2667 763 2710 redundet.
776 2667 815 2710 ¹,In

40 2732 58 2759 V·
75 2726 92 2766 7.
113 2729 144 2763 est
156 2723 197 2771 α’ίςε
210 2721 240 2775 pii
254 2720 363 2766 δύνασθαι
380 2720 483 2764 ἀτενίσαι,
501 2723 533 2762 hie
547 2719 600 2778 ripis
619 2719 644 2764 τδ
656 2718 686 2773 μδ
705 2719 809 2763 ἀτενίσαι.

39 2773 79 2815 Ηὶο
91 2790 162 2831 nempe
170 2784 253 2830 negatur
263 2785 324 2827 aetus,
338 2791 377 2817 non
388 2777 482 2830 potentia.
503 2778 594 2817 Potentia
604 2776 656 2829 apud
663 2776 733 2815 Mosen
741 2776 810 2815 deerat

40 2831 138 2871 omnibns:
150 2834 207 2886 sapird
220 2834 325 2886 apostolos,
341 2832 499 2885 quibusdam—
513 2833 541 2878 sie
554 2828 579 2873 τδ
593 2832 649 2876 τέλος
663 2829 688 2869 τὲ
703 2845 809 2883 καταργο-

39 2882 101 2936 μὲνο,
114 2888 135 2926 in
142 2890 204 2940 finem
218 2892 268 2939 ejus,
283 2890 334 2940 quod
347 2887 441 2940 aboletur)
459 2887 533 2926 Paulus
547 2885 608 2925 verba
621 2883 682 2924 flectit
696 2885 722 2924 ad
736 2885 809 2936 allego-

40 2938 94 2979 riam.
122 2944 148 2982 Id
161 2945 320 2995 pandebantur,
337 2942 398 2982 habet
405 2944 467 2995 finem
485 2955 541 2981 suum
554 2941 575 2980 in
588 2939 674 2979 Christo:
693 2952 713 2978 v.
729 2943 761 2984 ta.
775 2939 815 2980 fin..

40 2990 98 3033 Rom.
113 3002 145 3047 10,
159 3000 178 3042 li.
193 3010 215 3036 eo
232 2998 295 3037 tendit
309 3003 329 3037 et
342 2998 456 3048 terminatur
470 2998 509 3036 lex.
678 2998 680 3001 “

94 3065 113 3090 v.
129 3056 160 3097 lli.
176 3048 219 3094 tri
233 3047 345 3105 inoipoidn,
359 3054 394 3092 scd
406 3052 495 3093 adclinati
502 3049 555 3103 sarit)
563 3050 598 3088 sed
607 3047 713 3101 opponitur
727 3047 757 3104 ταί
770 3063 810 3092 ozon

40 3101 136 3147 intendere
150 3109 218 3147 nescios.
228 3130 260 3147 .-
274 3102 299 3148 τδ
311 3103 375 3161 etit)
388 3108 448 3157 idem,
467 3105 522 3159 quod
535 3104 596 3144 Moses
614 3110 708 3158 tempore.
723 3127 751 3134 -
768 3106 817 3158 «ἔντ’νζ·Δ
