1922 3513
129 230 164 266 asc
421 226 488 266 aeon.
501 228 523 271 n,
536 231 608 266 ι-ιν.
646 234 647 237 ’

129 334 188 375 quem
200 334 220 361 v.
229 328 248 366 1.
263 324 354 378 explicat.
368 345 396 353 -
410 319 445 375 cipi
461 319 497 372 ὦν,
511 336 524 362 ο
538 321 612 375 quibas)
627 326 719 372 tanquam
730 318 799 359 afiliis.
815 342 840 350 —
855 316 896 368 ὅτι,
958 334 960 336 ·

128 376 189 429 qaod)
203 376 272 430 Ipsum
286 379 379 432 gaudium
390 377 453 418 Paulo
471 379 511 416 non
524 390 569 427 sua,
589 376 624 417 sed
639 374 781 415 Corinthiorum
795 386 853 413 eausa
867 377 897 413 est

129 431 223 484 optabile.
959 477 961 484 ἲ

183 501 202 527 v.
211 489 230 531 lt.
245 488 267 529 ἐκ
282 483 334 542 μοι’ρ,
353 500 400 527 nara
413 485 447 541 en)
465 486 526 526 Volui
543 499 578 525 vos
596 498 716 525 commovere
733 488 777 524 ante
792 482 897 522 adventum

129 554 202 591 meum,
217 547 239 581 ut
252 548 320 595 postea
333 555 372 581 non
386 554 434 593 opus
448 546 505 581 esset.
524 542 614 593 anquina
628 542 690 581 cordis
704 539 781 592 peperit
793 538 897 590 lacrymas,

129 600 190 637 naalia
199 600 274 637 rnnltas.
301 598 440 648 Lacrymarum
451 595 535 647 vestigia
543 595 563 633 in
573 594 641 644 literis,
655 596 672 634 si
682 596 725 647 ipse
733 593 815 646 scripsit,
829 592 898 632 videre

129 658 219 704 poterant
232 651 335 699 Corinthii,
354 651 431 702 signum
449 650 556 700 angustiae.
575 675 601 682 -
620 647 645 703 ἐχ
659 650 701 701 ἵνα)
719 655 812 689 nontam
826 655 847 689 nt
860 653 897 688 ete.

130 707 230 746 Tristitiae
240 705 313 744 fructus
324 717 363 743 non
371 709 401 743 est
409 703 498 751 tristitia3
513 703 582 742 amoris
593 707 663 751 autern,
678 716 736 742 amor.
746 724 773 730 -
782 706 897 754 λυπηθῆτε,

129 759 297 813 contincta-entra)
311 758 378 797 Facile
392 756 452 805 dolet,
467 756 500 808 qui
515 770 526 796 a
539 758 598 796 flente
613 757 733 797 admonetur.
748 779 775 786 —
789 753 827 807 τήν
842 752 897 809 dyd-

129 831 178 864 πην,
192 813 283 865 anieron)
298 813 350 852 Fons
363 824 422 851 verae
438 812 572 863 correptionis,
587 816 606 851 et
621 825 645 851 ex
660 811 770 865 eagandii.
785 836 811 843 -
825 810 897 864 γνῶιε,
955 859 957 861 ‚

125 868 271 921 oopnosecretis)
287 881 312 906 er
324 880 369 906 mea
377 866 430 905 fideli
439 866 573 906 admonitione.
588 891 614 898 -
628 866 780 919 περισσοτέρως
794 867 821 913 εἰς
835 861 897 917 ὑμᾶς,

128 923 257 961 araneantes
271 924 291 962 ιἰι
305 922 346 975 aas)
361 921 486 971 singulariter
499 921 546 960 mihi
561 921 710 961 commendatos.
725 922 770 961 Act.
779 925 810 967 18,
820 926 851 963 le.

182 989 201 1015 v.
210 981 228 1020 5.
244 977 281 1025 tle,
296 976 373 1029 aliqnis)
390 975 499 1024 vClementer
510 977 552 1028 jam
564 976 656 1028 loquitur,
671 978 724 1028 quis,
739 980 758 1015 et
772 976 824 1026 qaid,
838 979 897 1017 ν.10.

127 1030 152 1070 In
165 1035 248 1094 utraque
263 1031 346 1083 epistola
359 1030 447 1083 pepercit
459 1030 534 1071 Paulus
548 1031 621 1070 nomirri
634 1031 697 1083 hujus,
713 1031 737 1070 de
752 1043 790 1083 qno
804 1030 897 1082 loquitur.

128 1110 155 1118 -
169 1101 194 1125 οκ
209 1085 244 1137 ἐμὲ
257 1084 376 1137 λελύπηκεν)
395 1099 434 1124 non
452 1100 481 1125 nne
499 1087 625 1133 contristavit,
644 1085 657 1124 i.
670 1099 687 1125 e.
706 1099 746 1124 non
765 1085 898 1124 contristatum
955 1117 960 1125 .

127 1139 193 1179 habet.
209 1165 235 1172 -
251 1137 294 1180 ἀλλ’
308 1134 353 1180 eiad
365 1138 436 1193 orbae)
450 1142 579 1181 tantammodo
592 1154 617 1179 aa
628 1147 687 1192 parte
701 1140 766 1180 attulit
779 1140 826 1179 mibi
839 1139 897 1179 tristi·
955 1162 960 1190 1

128 1195 181 1233 tiam.
196 1219 223 1225 -
237 1193 345 1248 ἐπιβαρῶ,
361 1194 444 1246 arcerem)
458 1194 483 1233 Id
497 1196 587 1248 gravius,
602 1208 660 1247 quam
674 1196 786 1235 corctristern.
956 1204 958 1212 ¹

183 1262 202 1287 v.
210 1253 229 1292 6.
244 1245 324 1301 ἵκανον)
338 1247 439 1297 Neutrum,
453 1250 495 1289 loco
507 1250 629 1291 substantivi.
644 1251 691 1290 sotis
700 1251 735 1289 tati
744 1254 779 1297 est,
793 1248 821 1287 ita
829 1252 851 1287 ut
859 1261 898 1287 non

129 1303 192 1355 possit
210 1302 255 1355 plus
269 1302 295 1341 ab
314 1315 336 1341 eo
351 1303 451 1354 postulari.
471 1301 555 1354 ἱκανόν,
574 1305 655 1344 verbum
668 1305 750 1344 forense.
778 1303 898 1342 Prudentiae

129 1357 246 1397 christianae
261 1363 296 1406 est,
310 1357 388 1396 modum
402 1363 474 1397 tenere.
502 1359 556 1398 Bene
569 1360 649 1410 longum
657 1364 734 1411 tempus
747 1358 856 1396 intercessit
870 1357 897 1396 in-
959 1386 961 1397 ÷

128 1417 159 1451 ter
173 1417 275 1462 utramque
290 1411 397 1463 epistolam.
413 1437 439 1444 -
453 1412 559 1465 incripta,
578 1414 693 1467 objnrqmio)
711 1412 835 1459 Antitheton,
854 1425 897 1451 cota·
958 1458 960 1461 ἱ

129 1468 208 1513 dertare,
222 1465 277 1513 item,
292 1467 393 1505 correctori.
408 1490 434 1497 —-
447 1468 490 1506 τῶν
503 1463 614 1518 πλειόνων,
624 1467 724 1522 prioritas)
737 1480 777 1505 uon
791 1467 854 1505 solum
867 1466 897 1515 iis,
957 1502 959 1511 ,

129 1521 163 1573 qui
176 1524 287 1571 praeerant.
315 1520 404 1559 Ecclesia
418 1520 468 1571 gerit
482 1521 553 1560 claves.
580 1565 583 1567 ,

183 1587 202 1612 v.
212 1579 230 1616 7.
244 1572 386 1626 psolennitate)
404 1574 448 1614 Hoc
461 1575 500 1614 irim
514 1575 574 1615 habet
587 1574 696 1623 indicativi,
714 1576 765 1614 attede
777 1577 841 1627 potins
854 1590 897 1615 oon·

130 1630 224 1668 dotantur:
239 1632 257 1665 et
265 1626 383 1667 indicativus
392 1629 491 1668 mitissime
498 1629 592 1670 hortatur.
608 1644 624 1669 e.
631 1635 662 1678 12,
669 1635 688 1673 9-
699 1629 770 1669 Matth.
776 1636 808 1679 26,
817 1636 849 1674 18.
857 1636 896 1670 not.

129 1736 233 1775 tristitiam.
247 1736 340 1787 majestas
354 1737 453 1789 regiminis
468 1743 487 1777 et
502 1739 615 1791 disciplinae
630 1738 773 1779 ecclesiasticae
788 1741 825 1780 sita
835 1747 865 1782 est
877 1743 898 1782 in

125 1804 200 1830 amore.
228 1790 267 1829 Hie
281 1794 356 1842 regnat.
372 1798 399 1840 ομ
412 1791 480 1840 LXX,
495 1794 609 1847 κυρέσθαι.
624 1793 753 1843 Gennaes.
767 1794 815 1836 Lev.
824 1803 856 1847 25,
865 1803 897 1841 50.

183 1859 202 1884 v.
211 1849 230 1888 9.
245 1845 281 1884 καὶ
294 1841 389 1898 ἔγραψα)
403 1859 443 1885 non
456 1847 514 1886 modo
528 1848 598 1895 scribo,
612 1847 717 1888 sedetiam
731 1850 805 1901 sanet.
819 1876 845 1883 -
860 1849 898 1903 τήν

130 1894 227 1962 δοκιμήν)
242 1899 377 1946 documentum,
393 1913 417 1939 an
431 1900 473 1940 sitis
487 1901 521 1941 tilii
532 1902 617 1953 genuini,
632 1909 724 1951 amantes,
739 1903 898 1947 obedientes.''-

130 1954 158 1999 εἰς
172 1968 254 2000 ποντα,
269 1954 382 2006 calomnia)
396 1954 423 1994 ad
436 1957 596 2010 objurgationem,
611 1962 630 1996 et
644 1957 670 1996 ad
684 1972 773 1998 ονοοιόον.

140 2051 143 2052 ⁷
184 2020 203 2045 v.
213 2012 244 2050 10.
259 2006 291 2056 tl,
309 2008 391 2062 aliquid)
410 2009 517 2050 Lenissime
531 2012 617 2064 loquitur
636 2011 660 2051 de
677 2018 759 2065 peccato
773 2015 843 2064 atroci,
863 2016 899 2055 sed

130 2060 203 2113 aginto.
219 2085 243 2093 —
259 2059 379 2114 χαρίζεσθε,
398 2065 516 2119 οοιιᾱοιιονιι)
530 2066 575 2106 Non
589 2066 674 2115 dubitat,
689 2067 736 2119 quin
749 2068 831 2119 faciant,
846 2070 899 2121 quod

129 2116 208 2167 scripsit
222 2128 281 2154 versu
293 2120 311 2157 7.
325 2141 352 2148 —-
366 2117 402 2157 aci
415 2115 467 2172 ἐγώ,
485 2122 542 2160 etiam
556 2121 598 2175 epo)
615 2117 708 2162 Modeste
721 2123 826 2164 subscribit
844 2130 863 2164 et
877 2139 898 2165 se

130 2171 187 2222 quasi
201 2173 298 2221 aggregat
312 2168 422 2211 Corinthiis.
439 2200 462 2206 -
477 2175 497 2215 εἴ
508 2190 530 2214 τι
544 2173 678 2228 κεχάρισμαι,
692 2179 710 2216 st
723 2179 770 2228 qnid
782 2180 898 2233 condonnnr')

130 2224 171 2264 Res
185 2224 278 2263 limitatur
292 2236 327 2275 per
342 2225 359 2263 si
372 2227 427 2276 qnid:
446 2232 467 2266 ut
482 2228 571 2268 ostendat
583 2228 666 2278 Paulus,
681 2244 702 2270 se
716 2233 793 2273 veniam
807 2248 819 2273 a
833 2234 899 2281 Corin-

128 2279 174 2318 thiis
188 2278 288 2331 peccatori
302 2277 368 2317 datam
381 2280 480 2333 subsequi.
508 2283 540 2321 Ex
554 2283 661 2334 praesenti,
679 2287 773 2333 οοιιοῖοιιο,
793 2279 859 2327 statim
877 2289 899 2327 fit

129 2334 262 2387 praeteritum,
277 2333 389 2382 coridonem,
404 2335 450 2374 dum
458 2336 533 2375 Paulus
544 2337 593 2376 haec
603 2336 675 2378 scribit.
685 2363 712 2371 -
727 2338 753 2380 δι’
764 2337 827 2392 ὑμᾶς,
837 2356 898 2394 prop-

129 2396 158 2428 ter
171 2388 214 2442 nos)
233 2388 275 2427 scil.
290 2389 402 2429 condonavi.
422 2413 449 2419 -
467 2391 488 2431 ἐν
503 2387 609 2447 προσώπῳ
624 2394 697 2447 χριςέ,
716 2394 737 2434 in
749 2396 805 2444 facie
820 2395 899 2451 Carisa)

131 2456 195 2483 coram
206 2442 289 2482 Ohrhio·
305 2442 368 2486 1001:
377 2448 395 2492 5,
403 2448 422 2489 lt·
431 2449 461 2480 ’-
477 2449 511 2486 ἵνα
525 2441 555 2497 μή
568 2448 758 2500 πλεονεκτηθῶμεν,
771 2457 793 2490 nt
805 2465 829 2490 nc
837 2454 905 2501 fica,

130 2496 205 2549 dentur)
218 2497 361 2536 Detrimentum
374 2500 431 2538 tinius
440 2500 555 2552 peccatoris,
570 2500 706 2541 detrimentum
716 2516 821 2544 commune.
849 2506 899 2546 Ideo
913 2514 918 2518 “’

130 2552 190 2600 dixit,
202 2558 285 2603 propter
298 2564 337 2590 νον.
352 2576 378 2582 -
392 2549 434 2595 ὑπο
447 2555 473 2594 τέ
488 2555 583 2603 οατανοῖ,
600 2570 614 2595 a
627 2556 712 2610 Satanan)
728 2558 758 2598 cui
771 2559 853 2599 tradidit
866 2561 899 2601 vel

130 2606 237 2647 traditurus
251 2605 287 2644 fuit
299 2604 373 2644 Paulus
388 2612 515 2658 peccatorem.
535 2608 656 2657 tticum·
684 2610 767 2651 Satanas
784 2627 823 2652 non
841 2615 899 2656 modo

130 2674 217 2709 earnem,
237 2659 272 2700 sed
286 2659 370 2699 animam
387 2661 470 2712 perdere
484 2662 587 2713 copitcbat:
607 2666 726 2710 etmaxime
740 2668 822 2707 nocendi
834 2669 899 2710 locum

130 2716 206 2768 quaerit
218 2727 254 2766 per
267 2714 369 2753 trintina.

184 2783 203 2808 v.
212 2775 243 2812 11.
259 2766 283 2810 οὐ
297 2763 346 2820 γοῖο,
361 2781 400 2807 non
414 2767 472 2821 entim)
486 2768 541 2808 Vera
554 2770 658 2820 prudentia
671 2772 807 2814 ecclesiastica.
823 2777 898 2828 quiha·

129 2824 177 2865 bent
189 2830 269 2863 nzeratnn
278 2822 356 2871 Christi,
370 2835 408 2861 non
420 2822 511 2875 ignorant
523 2823 618 2874 νοήματα
633 2826 754 2879 capitationes
768 2835 787 2870 et
801 2833 899 2874 molimina

129 2878 214 2920 hostilia.
243 2878 361 2931 Oonjngata,
376 2873 482 2930 νοήματα,
497 2875 584 2930 οἷμνοιῖν.
743 2896 745 2899 ’

184 2949 203 2974 v.
212 2939 243 2977 12.
257 2932 301 2985 καὶ)
316 2934 372 2972 etiarn
382 2933 476 2984 quamvis.
504 2932 578 2974 Paulus
588 2934 671 2976 libenter
680 2937 758 2978 Troade
770 2946 899 2982 commoratus

131 2994 188 3029 esset.
201 3014 229 3022 -
243 2982 321 3040 θύρας,
330 2987 405 3039 Jonnc)
419 2987 462 3027 Nec
473 2992 538 3027 tamen
546 2990 635 3041 peccavit
643 2990 717 3033 Paulus
730 2993 837 3042 discedens,
853 2996 900 3048 quia

114 3043 212 3094 ,liberum
226 3042 323 3083 manebat.
338 3066 365 3074 -
379 3041 464 3092 ι’ἶνεσιν,
479 3043 572 3098 repnsion)
586 3044 630 3084 Hac
643 3046 705 3098 primo
719 3048 808 3101 spiritus,
829 3050 900 3090 deinde

131 3098 189 3138 etiam
203 3111 247 3139 caro
262 3097 326 3150 coepit
340 3110 413 3137 carere.
429 3111 445 3138 o,
454 3101 499 3146 7‚5·
528 3097 582 3139 Scire
594 3099 691 3152 cupiebat,
706 3102 802 3155 quomodo
815 3105 900 3158 priorem

183 1696 202 1721 v.
210 1686 229 1725 8.
245 1681 351 1733 κοροῖοαι,
369 1683 454 1735 soricina)
473 1685 535 1738 κῦρος
554 1690 584 1723 est
597 1697 657 1736 penes
671 1697 766 1734 amorem,
784 1699 823 1724 non
836 1701 898 1740 penes
959 1710 960 1714 =
