1922 3513
306 276 315 288 χ
375 235 427 270 eru.
439 236 466 280 11,
479 240 542 274 ο-ν.
807 243 843 277 νοτ
875 223 876 227 ’

75 341 94 375 et
107 333 216 380 tortines,
232 335 287 370 erant
301 330 405 376 δοκέντες·
424 330 469 369 ideo
486 330 533 370 dicit
546 325 591 372 οἷπδ
604 329 653 372 τῶν.
673 334 692 372 οἵ
707 331 810 383 deuictae,
824 336 845 375 οῖ

73 386 126 443 ὑπὲρ
137 387 183 430 λίαν
193 382 302 432 etagota.
317 391 328 428 2
338 382 381 422 Gor·
390 389 421 432 11,
430 389 448 428 5·
457 411 482 419 -
496 383 550 426 εἶναι’
558 385 593 436 rt}
603 399 643 425 esse
651 386 730 436 aliquid,
745 388 797 438 apud
805 402 844 437 eos,

49 454 54 460 “
75 444 108 496 qui
126 442 209 482 Paulum
227 453 266 478 non
284 439 313 478 ita
331 439 465 478 aestimabant.
485 462 510 469 -—
530 436 599 480 ὁποῖοί
616 438 679 492 ποτε)
698 443 844 493 qualescanque.

74 497 125 539 ποτὲ
140 496 229 536 enclitica
242 495 261 532 h.
276 493 290 532 l.
305 499 344 541 est,
363 507 402 533 non
420 493 535 533 adverbium
548 493 648 545 temporis.
663 519 691 525 -
703 491 762 544 θεδς,
782 497 845 549 Deus)

73 552 112 592 Dei
123 550 219 603 judicium
233 548 352 601 sequebatur
360 548 441 587 Paulus.
455 548 599 588 Auctoritatem
613 548 699 588 divinam
714 550 793 600 asserit3
807 565 846 590 non

75 606 165 659 deprimit
179 604 312 656 apostolicam⁴
319 628 347 635 --
354 599 403 656 peip,
411 603 468 656 caim)
483 602 597 653 Aeticlogia
605 615 644 641 non
652 604 687 652 rei,
701 603 737 642 sed
746 606 845 644 sermonis.

74 660 218 707 Praefationem
230 659 315 711 aliquam
324 658 381 696 modo
389 659 454 710 posuit
461 658 546 707 Paulus3
561 670 614 695 nunc
623 658 691 706 innuit,
706 671 740 696 cur
755 671 778 697 ea
790 673 845 711 prae-

73 716 145 754 fatione
154 727 200 753 usus
216 713 246 761 sit,
261 719 281 752 et
294 726 336 752 rem
344 713 411 764 vipsam
427 713 525 765 proponit.
548 711 615 751 Simile
630 713 685 761 caira,
701 726 716 751 c.
726 718 744 761 6,
753 718 771 756 7.
785 714 850 758 Praee

73 771 131 818 fatur,
145 782 166 809 se
176 782 216 808 non
229 768 315 820 pendere
324 781 349 807 ex
359 781 453 807 consensu
465 768 555 807 aliorum:
570 766 641 805 deinde
653 772 719 806 tamen
731 781 846 809 consensum

73 826 129 864 illum
140 824 264 864 ostendit-
278 819 326 865 tata
340 822 504 876 προσανέθεντο)
518 823 548 861 aa
561 821 631 861 adme
645 824 757 862 retulerunt.
771 824 784 862 i.
793 838 809 863 e.
818 824 847 864 nil

74 880 95 919 in
108 893 152 918 mea
166 878 254 918 doctrina
267 877 439 929 reprehenderunt.
469 878 533 930 Saepe
548 876 582 928 qui
595 877 639 916 vult
652 877 847 930 reprehendereaut

74 947 163 982 monere,
181 933 202 971 id
215 933 302 971 modeste
316 932 362 971 facit
375 945 411 983 per
425 933 510 983 speciem
524 932 707 971 communicationis.
735 932 795 972 Nulla
810 934 846 973 tali

74 989 148 1028 ratione
161 988 192 1026 usi
209 992 254 1026 sunt
266 993 398 1034 antecessores,
418 987 454 1037 (sic
469 986 602 1026 Tertullianus
617 986 704 1038 appellat
717 982 755 1033 τές
770 987 846 1029 dontio-

74 1042 127 1093 τας)
143 1055 190 1092 erga
197 1041 286 1080 Paulum.
305 1041 349 1091 Ego
362 1040 401 1079 illis
413 1038 525 1093 ἀνεθέμην,
539 1054 558 1079 v.
570 1046 588 1083 2.
602 1040 632 1079 illi
643 1041 672 1079 nil
680 1040 845 1095 προσανέθεντο,

74 1097 102 1135 nil
117 1097 208 1143 habuere,
224 1095 278 1147 quod
291 1094 392 1133 adderent.
755 1125 756 1128 ,

128 1164 148 1188 v.
162 1154 181 1191 7.
196 1146 284 1195 ἰδόντες]
297 1150 387 1196 videntes,
402 1148 483 1199 abipso
499 1147 575 1196 effectu,
591 1161 649 1199 quem
663 1149 691 1187 eis
706 1147 845 1187 demonstravi.

50 1208 58 1213 ⁷
74 1218 94 1242 v.
108 1209 127 1247 8.
146 1204 191 1242 Act·
207 1208 238 1249 rt,
253 1208 285 1244 ta.
299 1224 327 1230 —-
345 1204 382 1250 τῆς
400 1199 537 1254 οἷνροβοςίας,
554 1202 666 1255 praeputii)
684 1203 697 1241 i.
717 1215 734 1240 e.
753 1204 846 1253 gentium,

76 1259 124 1297 citra
138 1256 302 1296 circumcisionem
316 1255 342 1294 ad
355 1255 413 1293 fidem
427 1255 601 1306 perducendarum.
793 1287 795 1289 .

128 1326 148 1350 v.
163 1315 182 1353 8.
198 1312 227 1355 εἰς
240 1306 268 1350 roi
282 1307 341 1359 ἔθνη,
355 1310 376 1348 ia
387 1309 461 1362 pentes)
475 1310 488 1348 i.
504 1323 521 1348 e.
536 1309 557 1347 in
571 1309 704 1361 apostolatum
718 1309 811 1360 gentium.

128 1380 147 1404 v.
163 1371 182 1407 9.
197 1358 287 1414 γνόντες,
301 1363 440 1417 οοροονοοποοε)ι
447 1377 479 1402 me
490 1363 556 1403 audito
566 1369 586 1403 et
593 1364 677 1402 visc.-
692 1364 798 1413 δοθεῖσαν,
813 1365 847 1403 da·

75 1419 123 1472 tum)
132 1418 181 1459 conf.
191 1418 215 1456 de
222 1418 290 1466 Paule,
305 1418 378 1460 2Petr.
387 1424 405 1466 5,
415 1424 447 1461 ta.
458 1443 485 1450 —
499 1414 597 1470 ἰοὶκωβος,
604 1418 625 1470 i)
635 1418 729 1472 Jacocas)
738 1418 777 1457 Hic
784 1418 847 1470 primo

74 1474 117 1512 loco
132 1473 218 1525 ponitur,
238 1472 283 1524 quia
296 1472 381 1511 maxime
395 1471 655 1523 manebatHierosolymis,
673 1472 707 1511 vel
726 1473 784 1511 etiam
802 1473 848 1524 quia

75 1528 159 1567 maxime
175 1526 247 1578 agebat
260 1527 281 1565 in
294 1526 331 1565 hac
345 1540 372 1575 re,
386 1525 501 1578 Paulusque
514 1526 579 1564 videri
592 1527 689 1578 potuisset
703 1527 766 1578 magis
781 1527 805 1566 ab
813 1526 847 1566 Ja-

76 1582 131 1630 cobo,
146 1595 204 1634 quam
213 1581 297 1629 aPetro,
308 1581 371 1631 magis
381 1581 466 1630 aPetro,
474 1592 534 1633 ‘quam
545 1581 570 1620 ab
578 1580 668 1620 Johanne
677 1580 789 1619 abhorrere.
802 1582 848 1621 Ete-
891 1577 893 1579 ’

76 1637 116 1675 nim
130 1650 154 1676 ex
172 1635 238 1674 multis
250 1635 309 1674 rebus
320 1636 404 1687 intelligi
418 1640 491 1687 potest,
506 1634 604 1675 Jacobum
619 1641 638 1675 et
649 1635 744 1684 Paulum,
758 1649 848 1675 necnon

76 1691 157 1731 Petrum
166 1695 186 1729 et
193 1690 277 1729 Paulum
286 1695 322 1729 ete.
334 1690 355 1728 iu
366 1704 401 1729 sua
412 1695 482 1729 natura
496 1695 516 1729 et
529 1691 549 1728 in
562 1691 624 1742 ipsius
638 1691 714 1729 animae
728 1689 800 1729 affectu
812 1691 847 1729 ha-

76 1746 147 1794 buisse,
163 1745 196 1796 qui
210 1745 259 1783 alter
274 1758 321 1796 erga
336 1745 423 1792 alterum,
439 1759 482 1784 cum
496 1745 526 1784 sui
540 1745 675 1796 abnegatione,
691 1757 776 1783 amorem
788 1750 807 1784 et
817 1750 846 1785 to-

75 1800 178 1840 lerantiam
194 1803 299 1847 exerceret,
314 1799 369 1838 salva
383 1799 466 1838 veritate
479 1799 567 1838 omnibus
582 1800 653 1851 agnita.
673 1798 726 1838 Hinc
732 1799 759 1847 iit,
774 1804 847 1839 utnon

76 1855 133 1894 facilc
144 1860 167 1901 ⁴et
177 1853 273 1893 Jaccbum
288 1858 307 1892 et
321 1854 404 1892 Paulum
419 1867 480 1906 aeque
496 1854 560 1905 capiat
573 1867 624 1893 unus
637 1854 730 1905 idemque
741 1854 799 1893 homo
814 1860 848 1894 aut

77 1914 149 1949 coetus.
163 1908 249 1947 Lutherc
258 1909 295 1947 hoc
304 1908 382 1956 excidit,
396 1907 497 1947 utJacobi
512 1908 614 1959 epistolam
629 1908 703 1947 diceret
714 1913 847 1948 strammeam:

77 1964 130 2015 quod
137 1964 170 2016 qui
182 1963 287 2014 exagitant,
298 1962 387 2010 viderint,
400 1962 448 2014 quid
459 1963 540 2002 monstri
548 1963 586 2015 ipsi
594 1963 689 2002 adversus
696 1962 782 2003 Paulum
789 1965 848 2004 alant.

76 2018 141 2059 Unum
156 2022 219 2069 eaput,
233 2030 282 2055 unus
294 2016 328 2055 Sol
336 2016 424 2056 Christus
435 2022 473 2056 est:
488 2017 568 2057 maximi
578 2019 667 2070 apostoli,
681 2018 769 2058 membra
781 2025 847 2070 erant3

76 2086 139 2124 neque
149 2073 169 2111 hi
181 2071 258 2121 singuli,
270 2084 335 2109 omnes
346 2070 397 2121 Solis
406 2071 458 2110 illius
468 2073 534 2111 radios
547 2086 610 2123 aeque
620 2078 747 2125 exceperunt,
763 2074 799 2113 sed
806 2075 848 2114 uni-

76 2127 129 2166 versi
139 2127 236 2166 Christum
248 2125 269 2163 in
280 2125 390 2176 apostolatu
401 2126 492 2165 retulere.
508 2125 563 2165 Ocni.
576 2127 601 2166 de
612 2128 708 2167 varietate
723 2129 801 2167 illorum
808 2129 847 2182 Ap.

77 2187 108 2228 21,
117 2184 149 2224 14.
159 2186 190 2223 19,
200 2193 215 2217 s.
234 2178 373 2230 Divinitusque
384 2181 413 2218 ita
423 2180 533 2232 gubernata
539 2194 571 2220 res
580 2187 615 2231 est,
628 2187 650 2221 ut
658 2182 751 2231 Jacobus,
760 2183 811 2235 legis
818 2197 848 2231 re-

76 2235 172 2283 tinentior,
185 2233 277 2283 Judaeis;
288 2233 378 2282 ,Paulus
392 2248 493 2286 nunquam
512 2241 620 2275 ceterorum
635 2237 695 2276 odore
710 2237 806 2286 imbutus,
825 2231 849 2277 ac

77 2289 122 2327 fidei
135 2289 270 2339 libertatisque
284 2289 394 2337 studiosior,
409 2290 501 2340 gentibus
510 2291 643 2342 praedicaret:
659 2296 678 2331 et
689 2296 711 2330 ut
726 2292 809 2344 quisque
823 2292 849 2332 ad

78 2342 134 2382 clima
148 2343 186 2383 sibi
196 2343 316 2395 assignatum
327 2343 460 2383 characterem
470 2350 489 2383 et
501 2346 556 2384 dotes
571 2345 648 2385 afferret
660 2360 719 2398 quam
731 2347 848 2399 aptissimas.

77 2419 104 2425 -
113 2397 189 2451 κηροῖς,
205 2396 290 2450 Cophos)
303 2398 349 2438 Hoc
362 2399 428 2438 nescio
444 2399 539 2451 quomodo
553 2401 655 2451 augustius
667 2405 728 2449 sonat,
744 2415 802 2453 quam
810 2403 848 2441 Pa·
892 2426 893 2430 =

77 2458 124 2491 trus.
152 2451 174 2492 Si
187 2450 259 2491 Petrus
272 2452 328 2492 illum
341 2453 455 2504 primatum,
470 2455 504 2506 qui
518 2454 536 2492 ei
549 2459 618 2506 postea
631 2455 716 2494 tributus
732 2461 761 2495 est
776 2456 800 2495 ab
814 2456 848 2495 ho-

74 2507 166 2554 minibus,
178 2506 220 2558 jam
233 2511 275 2545 tum
288 2507 396 2556 habuisset,
410 2509 496 2547 maxima
503 2509 566 2548 Paulo
581 2509 650 2548 fuisset
664 2522 729 2559 causa,
743 2511 849 2562 primatum

77 2561 132 2600 illum
145 2561 178 2600 hic
192 2562 360 2611 commemorandi,
375 2567 409 2602 aut
422 2563 504 2603 Petrum
518 2568 570 2603 certe
586 2564 656 2603 eximio
670 2565 713 2604 loco
729 2566 848 2605 nominandi.

77 2636 104 2643 —
118 2612 187 2667 ςύλοι)
201 2615 245 2654 Hoc
256 2616 349 2656 Hebraeo
364 2624 416 2660 aaut
434 2618 547 2672 respondet,
561 2618 622 2658 Prcv.
633 2625 652 2668 9,
662 2626 680 2663 t.
695 2624 715 2658 et
728 2621 807 2670 passim.
821 2641 849 2649 -

79 2665 148 2716 δεξιοῖς
162 2666 250 2723 ἔδωκαν)
266 2670 304 2720 Sic,
320 2673 386 2723 attica
401 2670 477 2723 δεξιον,
488 2688 559 2726 pacem
566 2674 674 2723 faciamus.
688 2674 776 2723 illicce.
787 2680 806 2724 6,
816 2679 849 2719 58.

79 2727 115 2761 ete.
130 2745 157 2751 -
175 2725 294 2778 κοινωνίας)
308 2727 454 2777 commotionis,
472 2742 523 2780 quae
538 2729 658 2781 collegarum
672 2734 706 2768 est.
721 2749 749 2756 —
763 2733 804 2779 ἵνα,
819 2730 850 2783 at)

96 2824 113 2868 r)
126 2824 186 2879 Lectio
199 2827 304 2870 rnurpinolis
316 2830 381 2871 πέτρος
393 2834 424 2864 καὶ
437 2826 524 2877 tricorpor,
542 2830 573 2865 hoc
585 2842 644 2874 versu,
660 2830 680 2864 ia
692 2833 765 2874 utraque
777 2831 810 2865 Ed.
823 2843 850 2876 gr.

126 2879 254 2916 aequiparatur
266 2876 334 2911 lectorii
351 2874 430 2923 ἰοίνονβος
442 2885 472 2914 καὶ
484 2876 554 2928 appele,
572 2885 608 2913 aim
619 2879 639 2912 t'n
651 2879 701 2912 Vers.
714 2890 768 2923 germ.
781 2885 818 2913 tunt
829 2881 850 2914 νοτ

127 2921 189 2976 Gnom.
202 2932 303 2966 expressae:
315 2937 332 2958 v.
340 2930 368 2962 11.
380 2938 443 2961 tramea
455 2930 517 2973 πέρας,
530 2928 577 2972 quod
588 2928 620 2961 Ed.
632 2928 673 2970 maj.
686 2927 746 2961 itidem
758 2927 778 2960 ta
790 2929 850 2972 aequi-

127 2969 177 3003 librio
186 2977 275 3014 posuerat,
286 2973 306 3006 in
318 2973 351 3006 Ed.
364 2980 381 3011 2.
394 2982 410 3009 ct
421 2976 532 3022 Versgcrm.
545 2982 603 3021 operta
612 2977 715 3020 praefertur
727 2976 788 3010 altari:
801 2976 850 3012 deci-

127 3028 188 3073 qaay,
196 3023 225 3055 14,
238 3019 286 3054 lectio
298 3019 354 3067 πηφςῖ,
362 3034 397 3067 per
405 3025 503 3069 marpinam
514 3025 547 3058 Ed.
558 3024 686 3068 majpcaatate
696 3024 818 3069 udraamerotc,
830 3026 851 3059 tn

85 3072 86 3077 ¹
126 3076 206 3110 murprnc
218 3067 250 3101 Ed.
264 3074 280 3105 2.
294 3070 318 3103 ad
330 3070 388 3105 miuus
395 3073 460 3116 firmas
472 3073 557 3119 dejicitur,
574 3078 591 3108 et
601 3073 622 3107 in
633 3073 683 3108 Vers.
696 3084 751 3118 genn.
760 3079 850 3119 pennata

127 3118 157 3150 tter
168 3126 207 3150 oum
219 3116 290 3154 tectione
301 3120 367 3166 πέτρῳ,
379 3120 400 3156 Ε.
412 3122 434 3157 Β.
