1922 3513
246 232 302 269 non.
314 233 365 278 mr,
378 238 400 273 21
409 239 468 272 -oa
492 223 530 278 nr,
544 237 608 273 i-r.
787 234 811 271 or

41 332 103 379 diana,
118 327 146 368 sic
157 327 221 368 differt
228 329 306 381 jactura
315 315 422 382 utriusque.
434 351 462 357 —
473 327 643 375 σκανδαλίζεται,
658 326 810 380 scandalizatur)

41 385 126 428 irretitur
138 390 157 424 et
163 384 280 437 impeditur,
296 385 401 425 abhorrens
416 384 440 424 ab
456 384 531 423 actione
545 387 589 430 tua,
605 395 648 421 cum
660 382 737 433 jactura
747 384 810 436 pacis<

41 464 68 471 -
77 438 173 492 dorstat)
188 441 274 492 ichiraias
282 443 316 493 fit,
330 441 364 480 vel
378 445 430 479 certe
445 443 520 487 manet,
536 443 548 479 t
560 436 603 475 Gor.
612 444 631 485 8,
639 442 657 479 9.
666 450 681 475 s.
695 436 768 475 viribus
783 438 811 476 in·
823 490 824 493 Ἴ

41 496 100 538 ternis
108 493 206 544 defectus,
221 500 240 534 et
253 495 351 534 haesitans
365 496 416 533 inter
429 492 556 531 imitationem
567 496 586 531 et
595 492 704 540 horrorem,
719 504 762 530 cum
770 492 812 543 jac-

41 559 85 593 tura
96 550 170 601 paridii.
186 549 234 589 conf.
246 563 266 588 v.
276 555 308 594 i7.
322 547 367 597 bit:
381 547 445 588 LXX
460 545 564 588 ἀσθενεῖν.

94 617 114 642 v.
123 609 154 646 22.
169 604 238 653 nigra,
245 604 314 657 fidem)
330 603 354 642 de
367 603 453 655 pmitate
468 600 548 639 cibi.—-
557 597 681 642 asaaria—
690 601 738 650 ert,
752 601 813 661 ἐνικρ-

41 657 176 708 sicin-Deo)
192 658 308 696 Antitheton
322 656 405 707 duplex,
420 656 446 694 ad
458 655 578 706 proximum:
592 655 621 710 uti
634 659 690 703 c.15,
702 661 758 697 5.-
770 650 812 707 ἔχε,
845 702 847 705 7

42 712 95 764 irate)
110 711 266 750 Fundamentum
274 723 333 750 verae
342 710 458 761 prudentiae
468 714 487 748 et
496 708 659 748 dissimulationis.
666 731 694 736 -
699 704 812 760 pauciores,

42 765 114 818 tentiis)
128 765 184 804 Haec
195 765 256 805 verba
264 778 327 818 nsque
337 764 428 803 adfinem
438 764 507 815 capitis
515 763 589 802 habent
599 764 712 803 antitheton.
727 777 743 802 c.
752 766 784 809 15,
794 767 813 804 t.

42 828 109 870 catena
123 843 152 848 —
165 820 251 872 κρίνων,
260 818 361 871 judicans)
380 819 490 858 Contraria:
499 819 591 867 judicare
605 823 625 857 et
635 819 726 869 probare.
741 816 813 869 quibus

43 874 156 917 combinatis
170 875 266 925 exquisite
281 873 398 913 describitur
412 873 529 912 conscientia
540 872 640 920 dubitans,
655 872 689 911 ubi
702 872 814 910 homonem

42 930 122 985 probat,
140 933 238 968 ettamen
253 942 308 968 suam
322 928 419 968 actionem
429 927 511 980 judicat.

95 998 114 1022 v.
125 983 157 1026 25ss
172 978 182 1022 i
198 983 227 1035 di)
243 983 315 1032 Oausa,
330 996 364 1022 cnr
372 983 443 1022 firmior
451 996 489 1021 non
499 981 574 1020 debeat
579 981 676 1021 infirmum
685 980 778 1020 inducere
788 977 814 1018 ad

44 1038 145 1080 edendum.
154 1060 182 1066 —
190 1034 228 1079 ἒνὶν
242 1034 312 1093 φάγῃ,
328 1039 345 1077 si
354 1037 425 1091 ederit)
439 1037 483 1076 Hoc
494 1036 545 1076 etde
558 1050 597 1076 uno
611 1041 656 1076 actu
670 1041 689 1075 et
701 1035 763 1075 inulto
773 1047 813 1074 ma-

43 1096 73 1148 gis
87 1093 112 1133 de
126 1106 160 1132 esu
173 1091 270 1144 frequenti
284 1093 458 1144 accipiendum.—-
467 1091 625 1143 κατακέκριται,
633 1093 769 1131 condemnatus
777 1088 813 1143 est)

44 1150 97 1190 Conf.
109 1147 153 1188 Gal.
164 1154 182 1195 2,
194 1153 311 1190 121102-
322 1149 345 1188 ἐκ
358 1147 444 1196 ortator,
458 1160 483 1186 ca
491 1145 541 1198 Jide)
556 1147 581 1186 de
593 1160 633 1198 qua
643 1160 662 1186 v.
675 1152 693 1189 2.
706 1150 725 1189 5.
736 1145 768 1183 fin.
780 1147 812 1188 tlt.

43 1205 83 1245 init.
94 1210 127 1247 22.
149 1202 240 1242 innuitur
253 1216 300 1254 ergo
310 1203 353 1254 ipsa
361 1202 418 1251 fides,
434 1216 473 1254 qua
482 1201 668 1250 fidelescensentur,
677 1200 816 1240 conscientiam

43 1259 148 1300 informans
160 1262 179 1296 et
194 1258 316 1307 confirmans,
331 1257 401 1309 partim
414 1257 570 1305 firndamentnm,
583 1257 655 1308 partim
667 1269 736 1295 norma
748 1258 814 1293 rectae

45 1313 130 1354 actionis.
146 1334 173 1340 —-
188 1309 293 1367 dannaia,
304 1311 413 1365 peccatam)
433 1312 521 1363 adeoque
536 1312 689 1351 condemnationi
702 1308 815 1349 obnoxium.

246 1428 562 1490 ‚cnruruu

97 1542 116 1567 v.
126 1534 144 1572 i.
158 1528 179 1582 l)
189 1527 230 1576 At,
243 1528 313 1582 catena)
328 1529 424 1581 Magnum
433 1534 462 1568 est
470 1529 588 1581 perieulum,
604 1529 641 1567 nec
648 1529 686 1568 nisi
695 1527 734 1567 Dei
743 1527 816 1566 virtute

45 1583 171 1623 custodimur:
191 1582 284 1623 debemus
301 1591 364 1623 arrtear
377 1597 413 1623 nos
427 1584 511 1623 invicem
525 1584 636 1623 observare.
650 1606 678 1612 -
691 1579 756 1633 ἡμεῖς)
775 1595 816 1621 aas.

45 1644 169 1678 connumerat
181 1650 212 1686 sc,
227 1638 344 1686 debitorem,
358 1644 381 1678 ut
395 1639 506 1691 apostolus,
520 1643 539 1677 et
548 1644 570 1678 ut
579 1639 665 1689 gentium
675 1637 780 1689 apostolus
788 1657 816 1664 -

45 1695 64 1733 οἱ
74 1691 171 1742 duraret,
182 1692 284 1745 potetates).
293 1693 347 1732 nont.
358 1693 402 1732 Gal.
412 1699 430 1741 6,
440 1700 457 1736 i.
465 1698 505 1732 not.
512 1715 540 1721 “
549 1688 661 1744 βκςνίζννν,
671 1691 737 1743 ferre)
751 1691 777 1729 Id
785 1704 816 1730 sa·

44 1760 68 1786 ne
83 1760 131 1786 onus
146 1752 181 1787 est.
190 1769 218 1774 -
230 1745 334 1801 α’ρέσκειν)
353 1744 458 1801 'Apicum
468 1750 548 1800 placere
560 1749 629 1786 staden.
645 1747 678 1798 qui
688 1747 726 1786 sibi
737 1746 816 1796 placere

45 1801 120 1850 studet,
139 1800 196 1841 alteri
209 1802 287 1853 plaeere
300 1815 340 1840 non
355 1808 418 1850 curat,
437 1802 651 1854 neqne'ccnseientiam
666 1802 708 1853 ejus
722 1805 815 1839 moratrn.

43 1854 165 1905 Metonpunia
180 1856 319 1894 antecedentis.
802 1880 805 1884 ι

97 1923 117 1949 u.
127 1916 146 1952 2.
162 1911 189 1955 ric
203 1906 228 1949 ad
243 1906 338 1962 dyaddu,
353 1904 407 1963 aprio
422 1905 544 1958 circinatio,
559 1910 580 1949 ia
594 1911 673 1958 borciani,
688 1911 716 1948 ad
728 1909 816 1960 aediica·
839 1951 845 1967 Ι

44 1962 120 2015 tioaern)
135 1965 177 2012 cic,
189 1964 218 2011 in,
233 1968 287 2002 notat
296 1963 353 2001 finem
361 1963 463 2010 biternum,
473 1969 565 2015 respectu
572 1964 622 2013 nei,
638 1960 702 2017 aprio,
713 1965 749 2011 ad,
760 1964 818 2002 finem

45 2014 155 2066 externum,
169 2022 259 2069 respectu
273 2017 363 2068 proximi.
387 2019 474 2066 Boaraa,
489 2030 561 2069 genus:
576 2020 692 2072 aedificatio,
707 2019 789 2071 species.

98 2086 117 2110 v.
128 2078 146 2113 5.
161 2069 172 2112 ὁ
186 2067 270 2125 poagia,
286 2071 380 2123 erasas)
396 2072 430 2123 qui
444 2085 494 2111 nnus
509 2078 552 2117 erat
566 2086 613 2112 vere
628 2069 728 2122 ὃννατός,
742 2079 817 2124 potens.

45 2125 93 2163 conf.
107 2138 127 2163 v.
138 2131 156 2166 1.
171 2138 214 2162 cum
229 2138 271 2176 cap.
284 2130 302 2172 5,
314 2131 343 2167 6.;
359 2127 456 2174 duraret,
467 2132 565 2177 potentes:
580 2124 686 2175 ἀσθενεῖς,
700 2128 776 2180 instanti.
790 2148 822 2155 -ν

44 2176 164 2230 ἐχέαντο),
178 2192 217 2217 crea
228 2178 320 2231 sibiipsi)
336 2178 460 2218 Admiranda
474 2177 641 2233 ouyaara'ssaoic.
662 2181 707 2220 Non
721 2182 767 2230 sibi,
782 2181 818 2221 sed

44 2231 106 2270 nobis.
121 2246 140 2270 v.
149 2238 167 2275 7.
175 2236 194 2275 8.
208 2231 242 2271 Ps.
251 2238 283 2281 (39,
292 2240 334 2274 55.·.
349 2234 457 2284 quivident
467 2240 486 2273 et
496 2238 591 2287 parturient,
605 2235 629 2274 iis
641 2233 753 2289 ἀρέσκειαν
761 2246 818 2288 para-

44 2286 73 2324 vit
87 2285 181 2324 Christus.
193 2308 221 2314 —-
235 2283 298 2339 ιῖλλα)
313 2289 356 2335 sed,
371 2302 397 2327 sc.
411 2289 461 2328 illud
475 2289 495 2327 in
509 2303 530 2328 se
544 2290 640 2340 suscepit,
657 2290 710 2341 quod
724 2291 818 2342 scriptum

45 2345 80 2379 est.
89 2364 117 2373 -
130 2340 247 2393 γέγραπται
252 2371 259 2389 ‚
273 2342 366 2393 scriptino
380 2342 416 2397 est)
430 2343 545 2391 Ps.69,10.
560 2344 604 2382 coll.
613 2358 631 2382 v.
639 2350 671 2388 11.
681 2351 719 2392 12,
733 2345 817 2384 hemisti-

46 2394 88 2434 chio
98 2394 186 2446 quolibet
199 2396 312 2447 posteriore.
323 2419 351 2425 —
362 2401 381 2438 oi
390 2407 417 2424 ‘—
429 2396 472 2449 ἐμὲ)
488 2397 520 2437 Sic
529 2398 598 2437 LXX.
608 2419 636 2426 —
646 2398 756 2447 ἐπέπεσον,
771 2400 818 2439 iaci-

45 2448 123 2502 deraat)
137 2448 186 2488 Jure
200 2455 291 2501 potuerat
302 2450 390 2490 Christus
405 2464 474 2503 gerere
489 2465 519 2500 se,
534 2453 638 2501 utDeum,
654 2457 673 2491 et
682 2448 818 2493 diuinohono-

45 2516 67 2541 re
80 2505 158 2543 florere:
174 2505 209 2543 sed
222 2518 261 2543 non
274 2518 321 2544 usus
338 2510 367 2544 est
378 2507 423 2557 ¹iure
438 2519 482 2555 srrc,
497 2513 577 2560 propter
590 2520 632 2547 nos.
646 2507 698 2547 Phil.
707 2514 725 2557 2,
734 2514 753 2551 b.
769 2508 818 2548 Gon-

45 2559 134 2597 tumelias
145 2571 198 2607 vero,
212 2559 283 2611 quibus
291 2560 356 2599 Deum
367 2560 452 2600 afficiunt
463 2561 550 2601 homines
561 2561 651 2615 improbi,
664 2576 686 2602 eo
696 2564 763 2612 dolore
775 2578 819 2616 per·

46 2613 115 2660 sensit,
131 2626 168 2664 quo
182 2613 206 2661 ii,
222 2614 255 2666 qui
267 2614 311 2653 illas
321 2615 442 2664 commisere,
458 2615 557 2656 debebant
570 2618 722 2670 persentiscere:
736 2619 818 2671 ipseque

48 2679 80 2705 eas
94 2665 221 2708 contumelias
238 2673 257 2707 et
270 2669 315 2708 tulit
330 2674 350 2708 et
363 2670 400 2709 luit
413 2676 454 2710 tarn
467 2672 573 2724 patienter,
588 2686 612 2711 ac
622 2673 639 2711 si
648 2673 690 2725 ipse
699 2686 732 2712 eas
742 2673 819 2713 commi-

47 2721 109 2761 sisset.
131 2723 182 2762 Tota
192 2723 258 2775 passio
271 2723 304 2762 hic
318 2723 414 2764 innuitur:
428 2731 470 2765 tum
484 2728 592 2767 minnistane
606 2728 651 2779 egit.
666 2727 736 2766 Matth.
746 2734 777 2777 20,
785 2734 818 2773 28.

48 2772 104 2827 [TJarn
117 2791 158 2816 aaa
171 2779 248 2828 placuit
260 2779 296 2817 sibi
309 2779 361 2829 Ipsi:
379 2793 399 2818 se
416 2781 480 2832 ipsam
493 2796 538 2821 aero
552 2783 672 2833 iaterposait,
691 2788 712 2821 at
725 2784 746 2822 in
760 2784 819 2823 arnari-

47 2830 90 2890 bas,
105 2833 139 2882 qai
146 2834 236 2872 DEUM
246 2833 404 2886 dehonestarent,
420 2836 644 2888 beneplacitaaaDEUS
651 2845 733 2887 caperet.
754 2840 819 2878 naalia

47 2897 109 2934 ipsam
116 2888 175 2936 ferre
188 2889 281 2938 oportuit,
296 2902 339 2928 cara
349 2890 451 2940 patientia.
466 2905 485 2930 v.
494 2897 512 2935 1.
521 2894 540 2935 Δ.
562 2891 588 2930 V.
598 2890 625 2946 ἕ.)

98 2953 118 2978 v.
127 2944 146 2984 t.
160 2938 214 2995 γάρ,
229 2941 286 2995 enini)
302 2942 367 2983 Causa
375 2945 497 2997 allegationis
506 2946 564 2985 modo
573 2946 642 2985 factae.
650 2970 676 2976 —
686 2941 819 3001 προεγράφη)

47 2994 120 3044 serata
133 3001 178 3035 sant
191 3002 235 3036 ante
249 3000 327 3050 tempus
338 2998 391 3038 Novi
401 3000 530 3040 Testamenti:
544 3000 574 3039 uti
586 2999 650 3053 illpd,
661 3001 713 3051 qnod
727 3015 747 3040 v.
760 3008 779 3046 5,
795 3003 820 3042 de

28 3083 30 3086 ⁴
47 3079 334 3093 ——-——-—-—-.

71 3112 89 3158 i)
107 3110 310 3163 testamentare]
323 3122 393 3165 propter
406 3119 501 3164 Cluistum,
514 3130 530 3154 r·
544 3125 561 3158 5¹·
589 3119 608 3154 V.
621 3131 638 3165 p.
667 3140 669 3142 -
