1922 3513
136 237 161 276 ss
367 224 574 280 nongrn19-2u
599 234 669 277 nuri

136 329 170 369 lat.
186 350 215 357 -
227 327 254 386 τῆ
268 328 329 385 ὀργῆ)
347 331 389 371 irae
402 332 441 382 illi,
462 331 486 371 de
506 332 578 385 quain
592 329 692 383 seripturis
711 332 752 367 tam
765 326 827 366 multa
841 325 906 366 dicun-

135 388 180 433 tur3
195 384 217 423 id
231 390 266 433 est,
282 379 322 425 ira'e
333 386 377 435 Dei,
393 400 443 438 quae
456 387 498 426 sola
509 388 563 439 justa
577 391 616 434 est,
631 390 651 424 et
665 383 706 424 sola
719 388 804 423 meretur
817 382 847 420 ira
861 380 905 425 dici!

136 439 218 490 Ellipsis
236 440 334 492 religiosa.
354 440 524 489 2Ohron.2l1,18.
539 462 566 469 —
580 439 635 491 ἐμοὶ,
655 438 709 490 artat)
728 438 769 476 scil.
784 443 827 476 esto.
846 435 906 475 Deut.

137 500 170 542 52,
180 498 224 537 55:
247 491 313 548 ἡμέρᾳ
331 491 455 545 ἐκδικήσεως
469 489 619 538 ἀνταποδώσω.
632 517 659 524 -
673 492 789 542 ἐκδίκησις,
808 489 861 542 uitio)
876 490 907 541 In-

137 549 183 587 tulit
196 549 242 587 hine
254 549 338 589 Paulus:
359 563 398 588 mou
411 564 445 589 cos
458 551 510 602 ipsos
523 552 637 590 ulciscentes.
656 544 754 594 ἐκδικεῖν,
764 548 812 596 jure
825 547 907 597 eripere,

72 603 74 606 “
138 603 221 655 exsequi
233 608 294 642 totam
307 603 409 654 litem‘-
423 599 464 657 Spei
478 598 632 651 ἀνταποδώσω,
651 616 684 654 epo
701 599 791 654 reddam)
809 600 821 639 i.
835 613 851 638 e.
869 599 907 639 hoc

137 658 185 704 mihi
198 658 308 709 relinquite.
337 656 502 711 [Faciteomuem
519 660 566 697 boec
580 657 705 695 consideratio
722 655 820 694 uindictae
834 654 907 706 cupidi·

138 717 199 751 tatem
213 713 321 762 supprimit.
349 713 400 759 Fac,
419 713 553 751 aduersarium
567 717 620 750 trium
633 725 672 749 nou
686 711 790 758 erectiorem,
810 716 827 748 te
844 710 908 760 ipsum

137 780 177 806 nou
188 768 275 817 pejorem
288 779 328 805 esse
342 766 430 817 opimone
444 772 487 806 tuo:
506 767 540 805 iste
557 772 620 804 tornea
638 772 673 804 orit
690 770 814 816 consequetur
831 765 908 803 taudem

136 822 222 872 pretium
241 821 336 868 diuinum,
355 826 390 858 azo
407 834 445 859 riou
464 824 593 871 consequetur.
621 819 644 858 Si
662 825 798 873 cormequetur;
815 819 908 868 irp'uriom

137 876 171 914 tibi
184 888 258 926 ortoque
271 875 351 922 illatum,
365 876 396 913 oei
409 881 426 913 te
439 888 478 913 cori
487 874 593 925 superstite,
607 876 801 924 oprroscetpmffectoy·
816 888 853 925 quo
861 887 908 912 cusu

137 943 215 968 accessu
228 930 257 967 od
267 929 357 967 DEUM
364 929 467 978 probibere
480 930 534 967 illum
547 928 642 966 simultate
661 934 694 966 tua
708 930 776 984 ξιαιιιῖ,
791 942 858 979 spero,
876 941 908 978 pe,

137 984 191 1031 oties,
209 984 244 1021 sesi
262 982 330 1033 quouis
340 983 411 1032 potius*
423 984 498 1022 ratione
508 983 599 1034 precibus
617 995 659 1029 eum
678 982 715 1021 tuis
727 978 814 1032 jurare.v
825 982 857 1022 di
870 995 911 1035 nori·

138 1038 274 1089 corrsepuetur;
288 1037 367 1076 DEUS
379 1043 428 1076 certe
438 1044 521 1089 prepter
535 1039 621 1089 cribrum,
637 1050 676 1087 prro
689 1050 731 1076 euru
745 1042 765 1083 tu
779 1037 858 1086 liberos,
869 1050 909 1087 pro

137 1103 183 1140 sua,
202 1092 287 1143 supremi
294 1091 377 1141 judicis,
393 1098 453 1143 porte
469 1105 530 1144 prove
544 1091 659 1143 supplicium
677 1092 700 1130 ab
715 1105 736 1130 eo
750 1105 824 1130 sumere
837 1093 909 1142 meptia-

138 1160 196 1198 quam
206 1146 292 1198 aepiipet.
307 1145 334 1184 V.
344 1145 371 1200 g.]
385 1168 413 1175 —-
427 1146 480 1199 λέγει
494 1142 573 1198 κύριος,
589 1146 634 1184 dicit
641 1145 746 1199 Dominus)
759 1146 853 1185 Formula
865 1158 910 1197 pro·

138 1201 226 1253 phetiea:
243 1214 282 1252 qua
295 1214 335 1239 non
348 1200 380 1239 usi
394 1204 439 1239 sunt
453 1200 545 1252 apostoli,
559 1199 597 1238 nisi
610 1200 630 1238 in
645 1200 726 1240 citandis
740 1201 847 1252 prophetis.
864 1199 910 1252 quia

139 1254 241 1295 alienatio
255 1254 403 1308 theopneustiae
418 1256 481 1294 estin
496 1253 595 1307 prophetis
600 1284 605 1302 ,
621 1254 660 1293 alia
673 1255 693 1293 in
707 1256 805 1307 apostolis.

143 1338 146 1342 -
192 1325 211 1348 u.
220 1315 252 1352 20.
268 1306 306 1349 c'a'r
318 1304 343 1349 dr
352 1308 415 1362 πεινᾷ
423 1333 450 1341 -
459 1306 542 1362 ψώμιζε
552 1334 577 1341 -
588 1306 649 1361 adet)
664 1310 732 1347 LXX.
745 1310 804 1348 Prov.
813 1313 844 1356 25,
853 1313 909 1350 21³8.

139 1359 178 1405 e'olr
192 1363 255 1417 πειιᾷ
266 1388 291 1393 -
303 1362 365 1416 τρέφε
374 1388 400 1396 -
411 1359 471 1412 uitri,
487 1360 497 1406 ὁ
513 1364 534 1404 δὲ
548 1357 621 1417 κύριος
632 1365 864 1405 ΛΝΤΑΠΟΛΩΣΕῘ
875 1376 910 1403 σοι

139 1414 222 1471 ἀγαθοί.
249 1419 361 1457 Formulanr
374 1418 466 1468 scriptum
484 1424 512 1457 est
524 1417 586 1468 magis
601 1416 708 1456 adhibuere
725 1417 809 1469 aprdstoli
823 1416 848 1456 ad
863 1416 910 1467 dog-

139 1477 203 1520 mata,
218 1486 277 1524 quam
290 1472 316 1512 ad
329 1485 398 1511 mores.
413 1495 440 1500 -
454 1468 536 1527 ἑχθρός,
552 1471 617 1523 hostis)
631 1471 656 1510 Id
669 1472 756 1524 inprimis
770 1473 824 1512 valet
838 1471 863 1509 de
876 1471 910 1509 ho-

140 1532 170 1566 ste
178 1528 248 1567 acerbo
257 1533 276 1566 et
283 1527 398 1566 vehementi.
406 1548 433 1554 -
442 1524 531 1579 ψώμιζε,
541 1526 591 1579 cibo)
600 1539 658 1565 manu
667 1531 706 1566 tua.
722 1527 755 1576 Sic
760 1527 828 1575 LXX,
838 1532 850 1568 2
858 1525 910 1565 Sam.

140 1587 172 1629 15,
181 1585 200 1624 5.
229 1581 262 1620 Sic
276 1582 309 1620 vel
322 1581 395 1620 ferreus
404 1581 465 1619 hostis
474 1580 600 1631 mitigabitur.
614 1602 642 1608 -
656 1577 769 1635 ιἰἰθριικκς
778 1578 852 1636 πυρός,
868 1594 910 1619 cor-

139 1637 196 1675 bones
209 1635 268 1689 ipris)
283 1634 352 1675 Omnis
366 1635 464 1675 vindictae
478 1634 521 1673 finis
536 1641 573 1684 est,
593 1640 615 1674 ut
629 1635 704 1674 hostem
717 1637 817 1688 poeniteat
831 1634 870 1674 sui:
889 1640 911 1673 ut

139 1690 201 1729 hostis
220 1703 241 1729 se
256 1691 321 1729 tradat
340 1691 360 1728 in
374 1694 491 1740 potestatem
503 1689 578 1729 ultoris.
606 1689 715 1741 Utrumque
735 1691 826 1730 facillime
845 1702 911 1728 eonse-

141 1749 220 1795 quetur,
239 1745 273 1796 qui
286 1745 362 1783 hostem
375 1744 460 1794 benigne
474 1744 593 1783 tractaverit.
621 1744 730 1796 Utrumque
745 1745 861 1784 describitur
874 1744 911 1783 hac

140 1799 208 1851 phrasi
216 1799 293 1850 insigni.
309 1800 349 1838 mit
363 1799 414 1837 enim
428 1812 486 1850 quam
496 1799 580 1838 maxime
591 1799 697 1849 poenitudo
710 1800 752 1838 illa.
767 1800 829 1843 lrEsr.
838 1803 869 1847 16,
878 1801 910 1842 51.

141 1858 161 1893 et
173 1853 234 1892 hostis
249 1854 270 1892 fit
287 1854 356 1894 ultoris
370 1853 460 1906 proprius
474 1852 564 1893 libenter.
584 1853 665 1893 habebis
684 1854 739 1894 illum
757 1854 869 1894 adnutum.
884 1875 911 1881 —

141 1908 176 1949 ἐπὶ
190 1904 229 1957 τήν
243 1905 335 1960 κεφαλήν
351 1908 412 1958 adri,
427 1922 486 1959 super
500 1916 559 1960 ceput
572 1908 622 1961 ejus)
635 1909 657 1948 id
671 1914 708 1958 est,
724 1923 783 1962 super
796 1910 869 1962 ipsum,
883 1913 911 1948 to-

141 1967 193 2011 tum,
209 1975 232 2001 ea
246 1963 325 2014 quidem
338 1968 403 2015 parte,
420 1976 458 2014 qua
472 1964 556 2003 maxime
570 1963 645 2003 sentiet.

197 2030 216 2055 v.
224 2022 255 2059 21.
270 2013 300 2068 μή
310 2019 369 2067 rcum,
385 2030 409 2055 ae
417 2017 510 2069 vincaris)
522 2019 581 2067 νικῶ,
596 2018 687 2057 medium.
717 2018 770 2068 Quos
780 2018 864 2058 mundus
873 2018 912 2057 vic·

141 2076 194 2110 tores
208 2075 274 2122 putat,
292 2084 361 2110 revera
375 2072 483 2110 vincuntur.
499 2095 527 2101 —-
540 2069 602 2124 κακὲ)
618 2086 630 2111 a
644 2076 704 2121 orzolo,
719 2074 780 2113 hostis
793 2074 831 2122 tui5
847 2078 866 2112 et
879 2086 912 2111 na-

142 2130 198 2164 turae
212 2131 263 2164 tuae.
278 2147 305 2152 -
319 2126 379 2173 ιίκα,
399 2125 462 2178 uince)
475 2126 540 2165 Fortis
555 2130 593 2174 est,
609 2127 643 2178 qui
656 2127 706 2166 ferre
718 2132 790 2182 potest.
804 2149 832 2157 -«
847 2127 868 2167 ἕν
883 2128 912 2180 τῷ
927 2156 932 2160 κ

143 2176 222 2233 ἀγαθῷ
236 2176 263 2241 cd
275 2174 352 2229 raudo,
367 2180 415 2219 douo
428 2179 508 2232 sructura)
523 2180 556 2220 Sic
570 2193 648 2232 quoque
663 2196 678 2221 c.
687 2187 745 2231 15,5.
753 2196 768 2223 s.
784 2183 835 2222 unde
850 2194 912 2221 amoe-

142 2247 168 2273 na
183 2246 282 2273 connexio.

328 2374 331 2377 ‘
391 2356 562 2407 CAPUT
597 2356 667 2407 XIII.

197 2468 216 2492 v.
225 2459 243 2496 1.
259 2454 335 2499 Πᾶσα,
350 2452 420 2506 cerinis)
434 2453 460 2492 ad
472 2454 581 2502 Romanos,
596 2467 679 2506 quorum
692 2454 739 2494 urbs
754 2459 796 2494 erat
809 2453 866 2494 sedes
879 2453 913 2493 irn-

143 2508 203 2561 perii‚
219 2506 350 2559 copiosissime
364 2507 455 2547 scribitur
470 2508 494 2547 de
507 2510 633 2561 magistratu:
649 2509 709 2561 idque
722 2510 762 2549 uim
775 2509 836 2549 habet
849 2508 914 2560 apulo..

144 2563 189 2614 giae
199 2561 290 2614 publicae
303 2574 338 2612 pro
348 2561 442 2612 religione
453 2563 563 2603 christiana.
593 2564 647 2614 Quae
657 2565 715 2604 etiam
725 2578 783 2604 eausa
792 2577 835 2604 esse
844 2564 915 2615 potirit,

145 2631 179 2657 eur
188 2616 262 2655 Pardus
276 2615 297 2653 in
310 2615 347 2653 hae
360 2620 401 2654 tam
410 2616 471 2667 longa
482 2618 576 2669 epistolas
583 2619 660 2658 normisi
671 2620 736 2669 semel,
752 2624 772 2658 et
781 2619 860 2672 quidem
869 2622 915 2670 post

143 2673 194 2711 hanc
209 2672 287 2710 demum
300 2670 363 2721 ipsam
378 2671 497 2721 apologiam,
513 2673 663 2724 appellationem
676 2676 732 2726 requi
744 2675 793 2722 Dei,
812 2673 859 2712 alias
874 2677 915 2711 tam

144 2727 256 2774 solennem,>
264 2724 363 2773 adhibeat.
379 2737 394 2762 e.
404 2727 436 2771 11,
445 2730 476 2767 17.
490 2739 535 2765 nam
543 2740 579 2778 pro
587 2741 652 2779 repro,
664 2730 748 2779 pierium
757 2728 850 2779 appellat.
865 2726 915 2766 conf.

144 2785 210 2819 tamen
221 2780 267 2819 Aet.
276 2784 307 2828 28,
315 2783 348 2821 51.
358 2783 397 2817 not.
426 2778 488 2818 Nemo
502 2781 612 2819 mortalium
626 2794 665 2819 non
676 2781 736 2820 debet
750 2795 792 2820 esse
807 2781 843 2820 sub
854 2781 915 2832 magi-

144 2840 216 2884 stratu3
231 2848 305 2887 poenas
316 2833 402 2881 daturus,
414 2833 430 2871 si
438 2834 511 2872 malum
521 2834 593 2873 feeerit.
608 2848 627 2873 v.
635 2837 654 2878 [ι.
665 2858 692 2864 -
702 2832 768 2890 ψυχή,
783 2835 858 2889 actura)
870 2835 916 2875 [loe

144 2904 193 2944 pora
201 2891 244 2930 Deo
253 2888 340 2930 sistenda
351 2888 400 2928 dixit
411 2902 427 2927 c.
436 2894 467 2938 12,
477 2896 501 2939 1.,
516 2890 589 2929 animas
596 2901 765 2944 praesupponens:
779 2906 830 2932 nunc
839 2892 915 2931 arripias

144 2946 268 2998 magistratui
281 2944 377 2985 subditas
385 2957 428 2984 esse
441 2944 489 2984 vult.
517 2946 588 2986 Arrium
602 2950 637 2995 est,
652 2959 702 2998 quae
713 2948 747 2994 vel
756 2948 806 2987 bene
820 2948 854 2987 vel
863 2947 915 2986 male

145 3007 243 3053 operatur,
259 3007 301 3050 c.=2‚
310 3005 335 3048 9.,
350 3005 369 3039 et
382 2999 430 3055 mali
442 2999 506 3052 operis
520 3000 602 3040 formido
612 3007 657 3040 sunt
667 3002 790 3054 imperantes.
817 3002 915 3043 Nobilitas

145 3056 233 3105 hortinis,
246 3069 286 3095 non
298 3055 351 3095 tollit
362 3055 483 3108 obsequium.
498 3077 526 3084 —-
539 3052 630 3104 ἔξεσίιις
643 3052 790 3111 incoeperam)
805 3054 875 3105 ἔξισιίι
890 3056 914 3100 ab

145 3111 198 3167 εἰμὶ,
216 3105 307 3168 ὑπερέχοι
322 3108 346 3150 ab
361 3107 410 3167 ἔχω·
430 3124 470 3152 esse
484 3110 538 3166 prius
553 3114 592 3161 est,
613 3124 671 3166 quam
685 3115 760 3156 labere.
779 3108 918 3169 ὑιιερεχέσιιιςἸ
