<?xml version="1.0" encoding="UTF-8"?>
<!DOCTYPE html PUBLIC "-//W3C//DTD XHTML 1.0 Transitional//EN"
    "http://www.w3.org/TR/xhtml1/DTD/xhtml1-transitional.dtd">
<html xmlns="http://www.w3.org/1999/xhtml" xml:lang="en" lang="en">
 <head>
  <title>
</title>
<meta http-equiv="Content-Type" content="text/html;charset=utf-8" />
  <meta name='ocr-system' content='tesseract 3.04.00' />
  <meta name='ocr-capabilities' content='ocr_page ocr_carea ocr_par ocr_line ocrx_word'/>
</head>
<body>
  <div class='ocr_page' id='page_1' title='image "MN41931ucmf_0_0083.png"; bbox 0 0 1922 3513; ppageno 0'>
   <div class='ocr_carea' id='block_1_1' title="bbox 337 227 833 273">
    <p class='ocr_par' dir='ltr' id='par_1_1' title="bbox 337 227 833 273">
     <span class='ocr_line' id='line_1_1' title="bbox 337 227 833 273; baseline 0.008 -10"><span class='ocrx_word' id='word_1_1' title='bbox 337 227 394 263; x_wconf 84' lang='lat' dir='ltr'>ROM.</span> <span class='ocrx_word' id='word_1_2' title='bbox 407 227 457 270; x_wconf 82' lang='lat' dir='ltr'>VIII,</span> <span class='ocrx_word' id='word_1_3' title='bbox 471 232 556 266; x_wconf 72' lang='lat' dir='ltr'>etr-52.</span> <span class='ocrx_word' id='word_1_4' title='bbox 643 270 646 273; x_wconf 11' lang='lat' dir='ltr'>K</span> <span class='ocrx_word' id='word_1_5' title='bbox 768 242 769 245; x_wconf 73' lang='grc'>’</span> <span class='ocrx_word' id='word_1_6' title='bbox 793 258 795 270; x_wconf 77' lang='grc'><strong>,</strong></span> <span class='ocrx_word' id='word_1_7' title='bbox 810 233 833 267; x_wconf 81' lang='grc'>55</span> 
     </span>
    </p>
   </div>
   <div class='ocr_carea' id='block_1_2' title="bbox 59 320 834 599">
    <p class='ocr_par' dir='ltr' id='par_1_2' title="bbox 59 320 834 488">
     <span class='ocr_line' id='line_1_2' title="bbox 63 320 834 377; baseline -0.009 -6"><span class='ocrx_word' id='word_1_8' title='bbox 63 328 121 370; x_wconf 80' lang='lat' dir='ltr'>vertit</span> <span class='ocrx_word' id='word_1_9' title='bbox 134 328 154 366; x_wconf 91' lang='lat' dir='ltr'>in</span> <span class='ocrx_word' id='word_1_10' title='bbox 168 325 259 373; x_wconf 84' lang='lat' dir='ltr'>secunda.</span> <span class='ocrx_word' id='word_1_11' title='bbox 274 347 301 354; x_wconf 90' lang='lat'><em>-</em></span> <span class='ocrx_word' id='word_1_12' title='bbox 314 322 380 374; x_wconf 77' lang='grc' dir='ltr'>εἶναι)</span> <span class='ocrx_word' id='word_1_13' title='bbox 395 329 416 363; x_wconf 85' lang='lat' dir='ltr'>at</span> <span class='ocrx_word' id='word_1_14' title='bbox 429 323 454 362; x_wconf 84' lang='lat' dir='ltr'>sit</span> <span class='ocrx_word' id='word_1_15' title='bbox 468 327 487 361; x_wconf 90' lang='lat' dir='ltr'>et</span> <span class='ocrx_word' id='word_1_16' title='bbox 502 321 638 375; x_wconf 75' lang='lat' dir='ltr'>conspiciatur.</span> <span class='ocrx_word' id='word_1_17' title='bbox 650 343 677 351; x_wconf 85' lang='lat'><em>-</em></span> <span class='ocrx_word' id='word_1_18' title='bbox 691 320 834 377; x_wconf 76' lang='grc' dir='ltr'>πρωτότοκον,</span> 
     </span>
     <span class='ocr_line' id='line_1_3' title="bbox 59 376 834 439; baseline -0.008 -15"><span class='ocrx_word' id='word_1_19' title='bbox 59 380 207 439; x_wconf 69' lang='lat' dir='ltr'>prinropenitar)</span> <span class='ocrx_word' id='word_1_20' title='bbox 222 378 399 433; x_wconf 68' lang='lat' dir='ltr'>Ipsa‘resurrectio</span> <span class='ocrx_word' id='word_1_21' title='bbox 414 377 500 429; x_wconf 82' lang='lat' dir='ltr'>gloriosa</span> <span class='ocrx_word' id='word_1_22' title='bbox 510 376 583 417; x_wconf 79' lang='lat' dir='ltr'><strong>Christi</strong></span> <span class='ocrx_word' id='word_1_23' title='bbox 597 382 617 416; x_wconf 90' lang='lat' dir='ltr'>et</span> <span class='ocrx_word' id='word_1_24' title='bbox 629 376 717 416; x_wconf 85' lang='lat' dir='ltr'>fidelium</span> <span class='ocrx_word' id='word_1_25' title='bbox 731 382 760 418; x_wconf 87' lang='lat' dir='ltr'>est</span> <span class='ocrx_word' id='word_1_26' title='bbox 774 392 834 431; x_wconf 90' lang='lat' dir='ltr'>quae-</span> 
     </span>
     <span class='ocr_line' id='line_1_4' title="bbox 64 435 408 488; baseline -0.003 -10"><span class='ocrx_word' id='word_1_27' title='bbox 64 441 108 480; x_wconf 86' lang='lat' dir='ltr'>dam</span> <span class='ocrx_word' id='word_1_28' title='bbox 121 436 228 488; x_wconf 82' lang='lat' dir='ltr'>generatio.</span> <span class='ocrx_word' id='word_1_29' title='bbox 243 435 313 474; x_wconf 82' lang='lat' dir='ltr'>Matth.</span> <span class='ocrx_word' id='word_1_30' title='bbox 329 440 361 482; x_wconf 78' lang='grc'>19,</span> <span class='ocrx_word' id='word_1_31' title='bbox 376 438 408 476; x_wconf 82' lang='lat'>28.</span> 
     </span>
    </p>

    <p class='ocr_par' dir='ltr' id='par_1_3' title="bbox 63 486 834 599">
     <span class='ocr_line' id='line_1_5' title="bbox 116 486 834 540; baseline -0.007 -8"><span class='ocrx_word' id='word_1_32' title='bbox 116 506 134 532; x_wconf 81' lang='lat' dir='ltr'>v.</span> <span class='ocrx_word' id='word_1_33' title='bbox 149 496 182 534; x_wconf 80' lang='grc'>50.</span> <span class='ocrx_word' id='word_1_34' title='bbox 197 486 259 536; x_wconf 74' lang='lat' dir='ltr'>riter</span> <span class='ocrx_word' id='word_1_35' title='bbox 272 490 308 531; x_wconf 74' lang='lat' dir='ltr'>aar</span> <span class='ocrx_word' id='word_1_36' title='bbox 322 488 455 536; x_wconf 75' lang='grc' dir='ltr'>ἐδικαίωσεν,</span> <span class='ocrx_word' id='word_1_37' title='bbox 469 488 504 527; x_wconf 78' lang='lat' dir='ltr'>lios</span> <span class='ocrx_word' id='word_1_38' title='bbox 515 488 573 527; x_wconf 81' lang='lat' dir='ltr'>etiarn</span> <span class='ocrx_word' id='word_1_39' title='bbox 581 486 704 540; x_wconf 70' lang='lat' dir='ltr'>jastfficarit)</span> <span class='ocrx_word' id='word_1_40' title='bbox 718 486 764 526; x_wconf 89' lang='lat' dir='ltr'>Non</span> <span class='ocrx_word' id='word_1_41' title='bbox 778 487 834 527; x_wconf 90' lang='lat' dir='ltr'>abso-</span> 
     </span>
     <span class='ocr_line' id='line_1_6' title="bbox 63 541 834 599; baseline -0.009 -11"><span class='ocrx_word' id='word_1_42' title='bbox 63 550 102 589; x_wconf 87' lang='lat' dir='ltr'>lute</span> <span class='ocrx_word' id='word_1_43' title='bbox 116 559 184 599; x_wconf 86' lang='lat' dir='ltr'>parem</span> <span class='ocrx_word' id='word_1_44' title='bbox 198 558 273 593; x_wconf 88' lang='lat' dir='ltr'>eorum,</span> <span class='ocrx_word' id='word_1_45' title='bbox 288 544 322 595; x_wconf 94' lang='lat' dir='ltr'>qui</span> <span class='ocrx_word' id='word_1_46' title='bbox 336 546 441 590; x_wconf 86' lang='lat' dir='ltr'>vocantur,</span> <span class='ocrx_word' id='word_1_47' title='bbox 453 542 595 593; x_wconf 85' lang='lat' dir='ltr'>justificantur,</span> <span class='ocrx_word' id='word_1_48' title='bbox 609 541 754 593; x_wconf 83' lang='lat' dir='ltr'>glorificantur,</span> <span class='ocrx_word' id='word_1_49' title='bbox 768 555 834 581; x_wconf 87' lang='lat' dir='ltr'>nurne-</span> 
     </span>
    </p>
   </div>
   <div class='ocr_carea' id='block_1_3' title="bbox 3 595 835 649">
    <p class='ocr_par' dir='ltr' id='par_1_4' title="bbox 0 595 835 649">
     <span class='ocr_line' id='line_1_7' title="bbox 3 595 835 649; baseline -0.011 -5.032"><span class='ocrx_word' id='word_1_50' title='bbox 3 620 10 631; x_wconf 81' lang='lat'>..</span> <span class='ocrx_word' id='word_1_51' title='bbox 62 616 105 643; x_wconf 86' lang='lat' dir='ltr'>rum</span> <span class='ocrx_word' id='word_1_52' title='bbox 118 601 192 640; x_wconf 84' lang='lat' dir='ltr'>Paulus</span> <span class='ocrx_word' id='word_1_53' title='bbox 206 600 282 638; x_wconf 75' lang='lat' dir='ltr'>statuit:</span> <span class='ocrx_word' id='word_1_54' title='bbox 296 611 335 637; x_wconf 93' lang='lat' dir='ltr'>non</span> <span class='ocrx_word' id='word_1_55' title='bbox 348 602 414 648; x_wconf 81' lang='lat' dir='ltr'>negat,</span> <span class='ocrx_word' id='word_1_56' title='bbox 428 596 636 649; x_wconf 87' lang='lat' dir='ltr'>possefideleminter</span> <span class='ocrx_word' id='word_1_57' title='bbox 650 595 775 636; x_wconf 88' lang='lat' dir='ltr'>vocationem</span> <span class='ocrx_word' id='word_1_58' title='bbox 791 609 835 649; x_wconf 88' lang='lat' dir='ltr'>spe-</span> 
     </span>
    </p>
   </div>
   <div class='ocr_carea' id='block_1_4' title="bbox 0 652 835 869">
    <p class='ocr_par' dir='ltr' id='par_1_5' title="bbox 0 641 835 869">
     <span class='ocr_line' id='line_1_8' title="bbox 63 652 835 706; baseline -0.006 -10.377"><span class='ocrx_word' id='word_1_59' title='bbox 63 658 131 697; x_wconf 88' lang='lat' dir='ltr'>cialem</span> <span class='ocrx_word' id='word_1_60' title='bbox 140 660 165 699; x_wconf 67' lang='lat' dir='ltr'>,et</span> <span class='ocrx_word' id='word_1_61' title='bbox 178 653 339 706; x_wconf 85' lang='lat' dir='ltr'>glorificationem</span> <span class='ocrx_word' id='word_1_62' title='bbox 353 652 441 699; x_wconf 87' lang='lat' dir='ltr'>deficere,</span> <span class='ocrx_word' id='word_1_63' title='bbox 457 665 473 690; x_wconf 85' lang='lat' dir='ltr'>c.</span> <span class='ocrx_word' id='word_1_64' title='bbox 489 658 521 700; x_wconf 89' lang='grc'>11,</span> <span class='ocrx_word' id='word_1_65' title='bbox 537 658 580 702; x_wconf 67' lang='grc'><strong>21,</strong></span> <span class='ocrx_word' id='word_1_66' title='bbox 594 664 632 690; x_wconf 92' lang='lat' dir='ltr'>nec</span> <span class='ocrx_word' id='word_1_67' title='bbox 646 657 713 703; x_wconf 85' lang='lat' dir='ltr'>negat,</span> <span class='ocrx_word' id='word_1_68' title='bbox 729 664 762 690; x_wconf 91' lang='lat' dir='ltr'>cos</span> <span class='ocrx_word' id='word_1_69' title='bbox 777 652 835 691; x_wconf 85' lang='lat' dir='ltr'>etiam</span> 
     </span>
     <span class='ocr_line' id='line_1_9' title="bbox 0 705 835 762; baseline -0.007 -10"><span class='ocrx_word' id='word_1_70' title='bbox 0 732 6 750; x_wconf 60' lang='lat' dir='ltr'>s</span> <span class='ocrx_word' id='word_1_71' title='bbox 62 711 134 758; x_wconf 87' lang='lat' dir='ltr'>vocari,</span> <span class='ocrx_word' id='word_1_72' title='bbox 149 710 183 762; x_wconf 89' lang='lat' dir='ltr'>qui</span> <span class='ocrx_word' id='word_1_73' title='bbox 196 722 236 747; x_wconf 92' lang='lat' dir='ltr'>non</span> <span class='ocrx_word' id='word_1_74' title='bbox 244 707 384 759; x_wconf 72' lang='lat' dir='ltr'>justificentur:</span> <span class='ocrx_word' id='word_1_75' title='bbox 399 705 434 745; x_wconf 85' lang='lat' dir='ltr'>sed</span> <span class='ocrx_word' id='word_1_76' title='bbox 445 705 507 754; x_wconf 88' lang='lat' dir='ltr'>docet,</span> <span class='ocrx_word' id='word_1_77' title='bbox 517 706 588 755; x_wconf 88' lang='lat' dir='ltr'>Deum,</span> <span class='ocrx_word' id='word_1_78' title='bbox 604 711 699 759; x_wconf 85' lang='lat' dir='ltr'>quantum</span> <span class='ocrx_word' id='word_1_79' title='bbox 709 705 730 745; x_wconf 89' lang='lat' dir='ltr'>in</span> <span class='ocrx_word' id='word_1_80' title='bbox 743 706 787 759; x_wconf 90' lang='lat' dir='ltr'>ipso</span> <span class='ocrx_word' id='word_1_81' title='bbox 799 712 835 755; x_wconf 88' lang='lat' dir='ltr'>est,</span> 
     </span>
     <span class='ocr_line' id='line_1_10' title="bbox 0 756 835 818; baseline -0.007 -14"><span class='ocrx_word' id='word_1_82' title='bbox 0 758 10 794; x_wconf 53' lang='lat' dir='ltr'>f&lt;</span> <span class='ocrx_word' id='word_1_83' title='bbox 63 765 143 818; x_wconf 85' lang='lat' dir='ltr'>agradu</span> <span class='ocrx_word' id='word_1_84' title='bbox 151 763 176 803; x_wconf 84' lang='lat' dir='ltr'>ad</span> <span class='ocrx_word' id='word_1_85' title='bbox 184 763 267 815; x_wconf 80' lang='lat' dir='ltr'>gradum</span> <span class='ocrx_word' id='word_1_86' title='bbox 275 761 383 814; x_wconf 73' lang='lat' dir='ltr'>perducere</span> <span class='ocrx_word' id='word_1_87' title='bbox 391 773 442 800; x_wconf 88' lang='lat' dir='ltr'>suos.</span> <span class='ocrx_word' id='word_1_88' title='bbox 450 782 478 788; x_wconf 93' lang='lat'>—</span> <span class='ocrx_word' id='word_1_89' title='bbox 487 756 579 808; x_wconf 75' lang='grc' dir='ltr'>ἐδόξασε,</span> <span class='ocrx_word' id='word_1_90' title='bbox 587 757 710 811; x_wconf 64' lang='lat' dir='ltr'>ploriiearit)</span> <span class='ocrx_word' id='word_1_91' title='bbox 719 772 738 798; x_wconf 82' lang='lat' dir='ltr'>r.</span> <span class='ocrx_word' id='word_1_92' title='bbox 747 763 835 803; x_wconf 79' lang='grc'><strong>17-21,</strong></span> 
     </span>
     <span class='ocr_line' id='line_1_11' title="bbox 0 813 835 869; baseline -0.008 -10"><span class='ocrx_word' id='word_1_93' title='bbox 0 825 3 848; x_wconf 60' lang='lat' dir='ltr'>f</span> <span class='ocrx_word' id='word_1_94' title='bbox 62 817 156 869; x_wconf 90' lang='lat' dir='ltr'>Loquitur</span> <span class='ocrx_word' id='word_1_95' title='bbox 169 818 190 854; x_wconf 87' lang='lat' dir='ltr'>in</span> <span class='ocrx_word' id='word_1_96' title='bbox 203 816 314 867; x_wconf 85' lang='lat' dir='ltr'>praeterito,</span> <span class='ocrx_word' id='word_1_97' title='bbox 329 820 422 866; x_wconf 87' lang='lat' dir='ltr'>tanquam</span> <span class='ocrx_word' id='word_1_98' title='bbox 437 818 509 853; x_wconf 86' lang='lat' dir='ltr'>arneta</span> <span class='ocrx_word' id='word_1_99' title='bbox 523 814 630 865; x_wconf 81' lang='lat' dir='ltr'>respiciens</span> <span class='ocrx_word' id='word_1_100' title='bbox 645 813 671 852; x_wconf 87' lang='lat' dir='ltr'>ad</span> <span class='ocrx_word' id='word_1_101' title='bbox 686 813 772 853; x_wconf 87' lang='lat' dir='ltr'>stadium</span> <span class='ocrx_word' id='word_1_102' title='bbox 783 813 835 862; x_wconf 80' lang='lat' dir='ltr'>fidei,</span> 
     </span>
    </p>
   </div>
   <div class='ocr_carea' id='block_1_5' title="bbox 0 868 835 978">
    <p class='ocr_par' dir='ltr' id='par_1_6' title="bbox 0 868 835 978">
     <span class='ocr_line' id='line_1_12' title="bbox 62 868 835 922; baseline -0.005 -11.297"><span class='ocrx_word' id='word_1_103' title='bbox 62 877 82 911; x_wconf 88' lang='lat' dir='ltr'>et</span> <span class='ocrx_word' id='word_1_104' title='bbox 96 885 120 910; x_wconf 81' lang='lat' dir='ltr'>ex</span> <span class='ocrx_word' id='word_1_105' title='bbox 130 876 208 910; x_wconf 86' lang='lat' dir='ltr'>aeterna</span> <span class='ocrx_word' id='word_1_106' title='bbox 222 870 285 922; x_wconf 82' lang='lat' dir='ltr'>gloria</span> <span class='ocrx_word' id='word_1_107' title='bbox 299 871 319 908; x_wconf 92' lang='lat' dir='ltr'>in</span> <span class='ocrx_word' id='word_1_108' title='bbox 327 869 390 920; x_wconf 86' lang='lat' dir='ltr'>ipsam</span> <span class='ocrx_word' id='word_1_109' title='bbox 405 868 461 920; x_wconf 85' lang='lat' dir='ltr'>quasi</span> <span class='ocrx_word' id='word_1_110' title='bbox 474 872 527 907; x_wconf 90' lang='lat' dir='ltr'>retro</span> <span class='ocrx_word' id='word_1_111' title='bbox 542 868 684 916; x_wconf 81' lang='lat' dir='ltr'>aeternitatem,</span> <span class='ocrx_word' id='word_1_112' title='bbox 698 868 718 905; x_wconf 91' lang='lat' dir='ltr'>in</span> <span class='ocrx_word' id='word_1_113' title='bbox 733 868 835 919; x_wconf 86' lang='lat' dir='ltr'>quaDeus</span> 
     </span>
     <span class='ocr_line' id='line_1_13' title="bbox 0 922 518 978; baseline -0.008 -13"><span class='ocrx_word' id='word_1_114' title='bbox 0 923 6 974; x_wconf 69' lang='grc' dir='ltr'><em>Ξ</em></span> <span class='ocrx_word' id='word_1_115' title='bbox 61 926 220 978; x_wconf 84' lang='lat' dir='ltr'>glorificationem</span> <span class='ocrx_word' id='word_1_116' title='bbox 236 924 328 965; x_wconf 86' lang='lat' dir='ltr'>decrevit.</span> <span class='ocrx_word' id='word_1_117' title='bbox 344 922 381 977; x_wconf 73' lang='lat' dir='ltr'>[Of.</span> <span class='ocrx_word' id='word_1_118' title='bbox 395 923 429 962; x_wconf 85' lang='lat' dir='ltr'>Ps.</span> <span class='ocrx_word' id='word_1_119' title='bbox 444 928 476 971; x_wconf 81' lang='grc'>16,</span> <span class='ocrx_word' id='word_1_120' title='bbox 490 926 518 972; x_wconf 78' lang='grc'>5.]</span> 
     </span>
    </p>
   </div>
   <div class='ocr_carea' id='block_1_6' title="bbox 0 974 834 1086">
    <p class='ocr_par' dir='ltr' id='par_1_7' title="bbox 0 974 834 1086">
     <span class='ocr_line' id='line_1_14' title="bbox 0 974 834 1033; baseline -0.006 -13"><span class='ocrx_word' id='word_1_121' title='bbox 0 1008 1 1013; x_wconf 65' lang='lat'>,</span> <span class='ocrx_word' id='word_1_122' title='bbox 115 995 134 1019; x_wconf 67' lang='lat' dir='ltr'>v.</span> <span class='ocrx_word' id='word_1_123' title='bbox 149 986 181 1023; x_wconf 78' lang='grc'>51.</span> <span class='ocrx_word' id='word_1_124' title='bbox 195 974 248 1033; x_wconf 73' lang='grc' dir='ltr'>πρός</span> <span class='ocrx_word' id='word_1_125' title='bbox 261 978 340 1029; x_wconf 78' lang='grc' dir='ltr'>ταῦτα)</span> <span class='ocrx_word' id='word_1_126' title='bbox 355 980 383 1018; x_wconf 85' lang='lat' dir='ltr'>acl</span> <span class='ocrx_word' id='word_1_127' title='bbox 396 979 453 1026; x_wconf 76' lang='lat' dir='ltr'>berec,</span> <span class='ocrx_word' id='word_1_128' title='bbox 472 990 523 1029; x_wconf 86' lang='lat' dir='ltr'>quae</span> <span class='ocrx_word' id='word_1_129' title='bbox 542 990 585 1029; x_wconf 59' lang='lat' dir='ltr'>cap»</span> <span class='ocrx_word' id='word_1_130' title='bbox 601 982 620 1019; x_wconf 81' lang='lat'>5.</span> <span class='ocrx_word' id='word_1_131' title='bbox 636 981 655 1019; x_wconf 82' lang='lat'>5.</span> <span class='ocrx_word' id='word_1_132' title='bbox 670 981 690 1020; x_wconf 72' lang='lat'>8.</span> <span class='ocrx_word' id='word_1_133' title='bbox 710 976 763 1016; x_wconf 83' lang='lat' dir='ltr'>dicta</span> <span class='ocrx_word' id='word_1_134' title='bbox 782 981 834 1020; x_wconf 86' lang='lat' dir='ltr'>sunt.</span> 
     </span>
     <span class='ocr_line' id='line_1_15' title="bbox 0 1031 834 1086; baseline -0.004 -12"><span class='ocrx_word' id='word_1_135' title='bbox 0 1049 4 1067; x_wconf 73' lang='grc'>1</span> <span class='ocrx_word' id='word_1_136' title='bbox 62 1049 80 1086; x_wconf 88' lang='lat' dir='ltr'>q.</span> <span class='ocrx_word' id='word_1_137' title='bbox 96 1034 115 1073; x_wconf 85' lang='lat' dir='ltr'>d.</span> <span class='ocrx_word' id='word_1_138' title='bbox 129 1035 180 1074; x_wconf 91' lang='lat' dir='ltr'>ultra</span> <span class='ocrx_word' id='word_1_139' title='bbox 193 1046 232 1072; x_wconf 89' lang='lat' dir='ltr'>non</span> <span class='ocrx_word' id='word_1_140' title='bbox 245 1046 347 1084; x_wconf 86' lang='lat' dir='ltr'>possumus</span> <span class='ocrx_word' id='word_1_141' title='bbox 360 1034 399 1081; x_wconf 88' lang='lat' dir='ltr'>irc,</span> <span class='ocrx_word' id='word_1_142' title='bbox 418 1032 514 1084; x_wconf 83' lang='lat' dir='ltr'>cogitare,</span> <span class='ocrx_word' id='word_1_143' title='bbox 534 1037 608 1083; x_wconf 86' lang='lat' dir='ltr'>optare.</span> <span class='ocrx_word' id='word_1_144' title='bbox 636 1031 663 1070; x_wconf 86' lang='lat' dir='ltr'>Et</span> <span class='ocrx_word' id='word_1_145' title='bbox 677 1031 694 1070; x_wconf 89' lang='lat' dir='ltr'>si</span> <span class='ocrx_word' id='word_1_146' title='bbox 713 1032 757 1083; x_wconf 89' lang='lat' dir='ltr'>quis</span> <span class='ocrx_word' id='word_1_147' title='bbox 771 1031 834 1084; x_wconf 85' lang='lat' dir='ltr'>ipsius</span> 
     </span>
    </p>
   </div>
   <div class='ocr_carea' id='block_1_7' title="bbox 61 1083 833 1140">
    <p class='ocr_par' dir='ltr' id='par_1_8' title="bbox 0 1083 833 1140">
     <span class='ocr_line' id='line_1_16' title="bbox 61 1083 833 1140; baseline -0.002 -12.146"><span class='ocrx_word' id='word_1_148' title='bbox 61 1089 179 1128; x_wconf 85' lang='lat' dir='ltr'>infidelitatis</span> <span class='ocrx_word' id='word_1_149' title='bbox 197 1088 273 1126; x_wconf 88' lang='lat' dir='ltr'>nomine</span> <span class='ocrx_word' id='word_1_150' title='bbox 292 1087 340 1125; x_wconf 83' lang='lat' dir='ltr'>velit</span> <span class='ocrx_word' id='word_1_151' title='bbox 360 1087 434 1138; x_wconf 88' lang='lat' dir='ltr'>aliquid</span> <span class='ocrx_word' id='word_1_152' title='bbox 453 1083 507 1140; x_wconf 71' lang='lat' dir='ltr'>nocie</span> <span class='ocrx_word' id='word_1_153' title='bbox 524 1087 593 1127; x_wconf 77' lang='grc' dir='ltr'><em>ταῦτα</em></span> <span class='ocrx_word' id='word_1_154' title='bbox 613 1084 674 1139; x_wconf 85' lang='lat' dir='ltr'>(conf.</span> <span class='ocrx_word' id='word_1_155' title='bbox 689 1085 737 1126; x_wconf 86' lang='lat' dir='ltr'>Luc.</span> <span class='ocrx_word' id='word_1_156' title='bbox 753 1089 789 1136; x_wconf 77' lang='grc'>11,</span> <span class='ocrx_word' id='word_1_157' title='bbox 805 1086 833 1139; x_wconf 84' lang='grc'>6.)</span> 
     </span>
    </p>
   </div>
   <div class='ocr_carea' id='block_1_8' title="bbox 62 1138 460 1193">
    <p class='ocr_par' dir='ltr' id='par_1_9' title="bbox 0 1138 460 1193">
     <span class='ocr_line' id='line_1_17' title="bbox 62 1138 460 1193; baseline -0.009 -11.539"><span class='ocrx_word' id='word_1_158' title='bbox 62 1149 129 1182; x_wconf 78' lang='lat' dir='ltr'>corctra</span> <span class='ocrx_word' id='word_1_159' title='bbox 143 1145 189 1181; x_wconf 86' lang='lat' dir='ltr'>haec</span> <span class='ocrx_word' id='word_1_160' title='bbox 203 1141 294 1192; x_wconf 86' lang='lat' dir='ltr'>proferre,</span> <span class='ocrx_word' id='word_1_161' title='bbox 309 1141 337 1178; x_wconf 89' lang='lat' dir='ltr'>nil</span> <span class='ocrx_word' id='word_1_162' title='bbox 354 1140 421 1191; x_wconf 86' lang='lat' dir='ltr'>possit.</span> <span class='ocrx_word' id='word_1_163' title='bbox 437 1138 460 1193; x_wconf 82' lang='lat' dir='ltr'>[C</span> 
     </span>
    </p>
   </div>
   <div class='ocr_carea' id='block_1_9' title="bbox 459 1139 835 1193">
    <p class='ocr_par' dir='ltr' id='par_1_10' title="bbox 459 1139 835 1193">
     <span class='ocr_line' id='line_1_18' title="bbox 459 1139 835 1193; baseline 0.061 -15"><span class='ocrx_word' id='word_1_164' title='bbox 459 1139 498 1179; x_wconf 82' lang='lat' dir='ltr'>beli</span> <span class='ocrx_word' id='word_1_165' title='bbox 508 1146 588 1190; x_wconf 76' lang='lat' dir='ltr'>portani</span> <span class='ocrx_word' id='word_1_166' title='bbox 602 1141 690 1179; x_wconf 75' lang='lat' dir='ltr'>hocloco</span> <span class='ocrx_word' id='word_1_167' title='bbox 701 1148 776 1193; x_wconf 60' lang='lat' dir='ltr'>Palm&gt;</span> <span class='ocrx_word' id='word_1_168' title='bbox 785 1143 835 1192; x_wconf 59' lang='lat' dir='ltr'><em>jure</em></span> 
     </span>
    </p>
   </div>
   <div class='ocr_carea' id='block_1_10' title="bbox 0 1194 867 1355">
    <p class='ocr_par' dir='ltr' id='par_1_11' title="bbox 0 1194 867 1355">
     <span class='ocr_line' id='line_1_19' title="bbox 0 1194 867 1248; baseline 0.001 -13"><span class='ocrx_word' id='word_1_169' title='bbox 0 1197 4 1224; x_wconf 67' lang='lat'>:&#39;</span> <span class='ocrx_word' id='word_1_170' title='bbox 61 1197 140 1236; x_wconf 76' lang='lat' dir='ltr'>dixeris.</span> <span class='ocrx_word' id='word_1_171' title='bbox 154 1210 173 1234; x_wconf 81' lang='lat' dir='ltr'>v.</span> <span class='ocrx_word' id='word_1_172' title='bbox 188 1201 275 1237; x_wconf 77' lang='grc'><strong>51-59,</strong></span> <span class='ocrx_word' id='word_1_173' title='bbox 289 1194 315 1232; x_wconf 84' lang='lat' dir='ltr'>V.</span> <span class='ocrx_word' id='word_1_174' title='bbox 330 1194 358 1248; x_wconf 65' lang='lat' dir='ltr'>gn]</span> <span class='ocrx_word' id='word_1_175' title='bbox 373 1220 400 1226; x_wconf 89' lang='lat'><em>-</em></span> <span class='ocrx_word' id='word_1_176' title='bbox 414 1195 441 1242; x_wconf 73' lang='grc' dir='ltr'>εἰ)</span> <span class='ocrx_word' id='word_1_177' title='bbox 455 1195 478 1232; x_wconf 83' lang='lat' dir='ltr'>si.</span> <span class='ocrx_word' id='word_1_178' title='bbox 502 1194 643 1233; x_wconf 78' lang='lat' dir='ltr'>Conditionalis</span> <span class='ocrx_word' id='word_1_179' title='bbox 657 1199 693 1246; x_wconf 83' lang='lat' dir='ltr'>pio</span> <span class='ocrx_word' id='word_1_180' title='bbox 708 1196 788 1243; x_wconf 86' lang='lat' dir='ltr'>causali,</span> <span class='ocrx_word' id='word_1_181' title='bbox 802 1196 834 1235; x_wconf 87' lang='lat' dir='ltr'>fir·</span> <span class='ocrx_word' id='word_1_182' title='bbox 865 1232 867 1236; x_wconf 46' lang='lat'>.</span> 
     </span>
     <span class='ocr_line' id='line_1_20' title="bbox 61 1248 835 1300; baseline 0 -11"><span class='ocrx_word' id='word_1_183' title='bbox 61 1251 141 1289; x_wconf 87' lang='lat' dir='ltr'>miorern</span> <span class='ocrx_word' id='word_1_184' title='bbox 153 1249 200 1288; x_wconf 88' lang='lat' dir='ltr'>facit</span> <span class='ocrx_word' id='word_1_185' title='bbox 214 1249 377 1300; x_wconf 88' lang='lat' dir='ltr'>consequentiam.</span> <span class='ocrx_word' id='word_1_186' title='bbox 405 1248 500 1299; x_wconf 87' lang='lat' dir='ltr'>Plerique</span> <span class='ocrx_word' id='word_1_187' title='bbox 515 1253 603 1287; x_wconf 86' lang='lat' dir='ltr'>statuunt</span> <span class='ocrx_word' id='word_1_188' title='bbox 621 1254 662 1288; x_wconf 88' lang='lat' dir='ltr'>tres</span> <span class='ocrx_word' id='word_1_189' title='bbox 677 1249 781 1300; x_wconf 88' lang='lat' dir='ltr'>periochas</span> <span class='ocrx_word' id='word_1_190' title='bbox 795 1250 835 1290; x_wconf 91' lang='lat' dir='ltr'>hoc</span> 
     </span>
     <span class='ocr_line' id='line_1_21' title="bbox 0 1300 835 1355; baseline 0 -11"><span class='ocrx_word' id='word_1_191' title='bbox 0 1300 2 1317; x_wconf 29' lang='grc' dir='ltr'><em>ξ</em></span> <span class='ocrx_word' id='word_1_192' title='bbox 61 1306 111 1352; x_wconf 90' lang='lat' dir='ltr'>loco,</span> <span class='ocrx_word' id='word_1_193' title='bbox 125 1316 207 1355; x_wconf 87' lang='lat' dir='ltr'>quarum</span> <span class='ocrx_word' id='word_1_194' title='bbox 221 1303 320 1354; x_wconf 88' lang='lat' dir='ltr'>quaelibet</span> <span class='ocrx_word' id='word_1_195' title='bbox 334 1315 369 1354; x_wconf 87' lang='lat' dir='ltr'>per</span> <span class='ocrx_word' id='word_1_196' title='bbox 377 1303 549 1353; x_wconf 76' lang='lat' dir='ltr'>interrogationem</span> <span class='ocrx_word' id='word_1_197' title='bbox 559 1302 640 1354; x_wconf 90' lang='lat' dir='ltr'>incipiat</span> <span class='ocrx_word' id='word_1_198' title='bbox 651 1303 671 1341; x_wconf 92' lang='lat' dir='ltr'>in</span> <span class='ocrx_word' id='word_1_199' title='bbox 683 1303 715 1349; x_wconf 73' lang='grc' dir='ltr'>τίς</span> <span class='ocrx_word' id='word_1_200' title='bbox 726 1305 775 1355; x_wconf 82' lang='lat' dir='ltr'>qais,</span> <span class='ocrx_word' id='word_1_201' title='bbox 791 1317 835 1343; x_wconf 88' lang='lat' dir='ltr'>cum</span> 
     </span>
    </p>
   </div>
   <div class='ocr_carea' id='block_1_11' title="bbox 62 1357 835 1463">
    <p class='ocr_par' dir='ltr' id='par_1_12' title="bbox 0 1357 835 1463">
     <span class='ocr_line' id='line_1_22' title="bbox 62 1357 835 1411; baseline 0 -13"><span class='ocrx_word' id='word_1_202' title='bbox 62 1359 165 1410; x_wconf 87' lang='lat' dir='ltr'>anaphora,</span> <span class='ocrx_word' id='word_1_203' title='bbox 181 1362 200 1397; x_wconf 85' lang='lat' dir='ltr'>et</span> <span class='ocrx_word' id='word_1_204' title='bbox 210 1357 354 1409; x_wconf 83' lang='lat' dir='ltr'>responsionem</span> <span class='ocrx_word' id='word_1_205' title='bbox 363 1357 436 1395; x_wconf 87' lang='lat' dir='ltr'>habeat</span> <span class='ocrx_word' id='word_1_206' title='bbox 450 1357 608 1408; x_wconf 81' lang='lat' dir='ltr'>subsequentem,</span> <span class='ocrx_word' id='word_1_207' title='bbox 623 1370 674 1408; x_wconf 89' lang='lat' dir='ltr'>quae</span> <span class='ocrx_word' id='word_1_208' title='bbox 684 1359 835 1411; x_wconf 82' lang='lat' dir='ltr'>anthypophora</span> 
     </span>
     <span class='ocr_line' id='line_1_23' title="bbox 62 1411 835 1463; baseline 0.001 -10.926"><span class='ocrx_word' id='word_1_209' title='bbox 62 1419 146 1452; x_wconf 85' lang='lat' dir='ltr'>vocatur.</span> <span class='ocrx_word' id='word_1_210' title='bbox 174 1412 237 1462; x_wconf 85' lang='lat' dir='ltr'>Atqui</span> <span class='ocrx_word' id='word_1_211' title='bbox 251 1411 309 1450; x_wconf 85' lang='lat' dir='ltr'>aliam</span> <span class='ocrx_word' id='word_1_212' title='bbox 323 1411 420 1462; x_wconf 84' lang='lat' dir='ltr'>spectavit</span> <span class='ocrx_word' id='word_1_213' title='bbox 439 1411 530 1463; x_wconf 71' lang='lat' dir='ltr'>analysin</span> <span class='ocrx_word' id='word_1_214' title='bbox 548 1411 654 1462; x_wconf 88' lang='lat' dir='ltr'>apostolus.</span> <span class='ocrx_word' id='word_1_215' title='bbox 683 1411 734 1452; x_wconf 78' lang='lat' dir='ltr'>Sunt</span> <span class='ocrx_word' id='word_1_216' title='bbox 753 1412 777 1452; x_wconf 86' lang='lat' dir='ltr'>ab</span> <span class='ocrx_word' id='word_1_217' title='bbox 796 1414 835 1454; x_wconf 91' lang='lat' dir='ltr'>hoc</span> 
     </span>
    </p>
   </div>
   <div class='ocr_carea' id='block_1_12' title="bbox 0 1466 835 1573">
    <p class='ocr_par' dir='ltr' id='par_1_13' title="bbox 0 1466 835 1573">
     <span class='ocr_line' id='line_1_24' title="bbox 1 1466 835 1519; baseline 0.004 -14"><span class='ocrx_word' id='word_1_218' title='bbox 1 1473 4 1483; x_wconf 51' lang='lat'>&#39;¹</span> <span class='ocrx_word' id='word_1_219' title='bbox 61 1481 120 1506; x_wconf 88' lang='lat' dir='ltr'>versu</span> <span class='ocrx_word' id='word_1_220' title='bbox 134 1472 216 1518; x_wconf 90' lang='lat' dir='ltr'>quatuor</span> <span class='ocrx_word' id='word_1_221' title='bbox 230 1466 345 1518; x_wconf 85' lang='lat' dir='ltr'>periochae:</span> <span class='ocrx_word' id='word_1_222' title='bbox 360 1479 409 1514; x_wconf 82' lang='lat' dir='ltr'>rura,</span> <span class='ocrx_word' id='word_1_223' title='bbox 424 1466 533 1516; x_wconf 73' lang='lat' dir='ltr'>generalis,</span> <span class='ocrx_word' id='word_1_224' title='bbox 548 1472 599 1515; x_wconf 86' lang='lat' dir='ltr'>tres,</span> <span class='ocrx_word' id='word_1_225' title='bbox 613 1466 716 1517; x_wconf 82' lang='lat' dir='ltr'>speciales.</span> <span class='ocrx_word' id='word_1_226' title='bbox 734 1468 835 1519; x_wconf 87' lang='lat' dir='ltr'>quaelibet</span> 
     </span>
     <span class='ocr_line' id='line_1_25' title="bbox 0 1517 833 1573; baseline 0.004 -13"><span class='ocrx_word' id='word_1_227' title='bbox 0 1517 2 1527; x_wconf 70' lang='grc'><strong>“</strong></span> <span class='ocrx_word' id='word_1_228' title='bbox 62 1521 121 1561; x_wconf 85' lang='lat' dir='ltr'>habet</span> <span class='ocrx_word' id='word_1_229' title='bbox 134 1521 217 1573; x_wconf 87' lang='lat' dir='ltr'>primum</span> <span class='ocrx_word' id='word_1_230' title='bbox 231 1520 375 1572; x_wconf 75' lang='lat' dir='ltr'>gloriationem,</span> <span class='ocrx_word' id='word_1_231' title='bbox 391 1519 415 1558; x_wconf 87' lang='lat' dir='ltr'>de</span> <span class='ocrx_word' id='word_1_232' title='bbox 430 1518 510 1570; x_wconf 73' lang='lat' dir='ltr'>Gratia,</span> <span class='ocrx_word' id='word_1_233' title='bbox 529 1534 585 1569; x_wconf 79' lang='lat' dir='ltr'>mox,</span> <span class='ocrx_word' id='word_1_234' title='bbox 601 1520 775 1573; x_wconf 82' lang='lat' dir='ltr'>interrogationem</span> <span class='ocrx_word' id='word_1_235' title='bbox 789 1537 833 1563; x_wconf 90' lang='lat' dir='ltr'>eon-</span> 
     </span>
    </p>
   </div>
   <div class='ocr_carea' id='block_1_13' title="bbox 1 1571 834 1630">
    <p class='ocr_par' dir='ltr' id='par_1_14' title="bbox 1 1571 834 1630">
     <span class='ocr_line' id='line_1_26' title="bbox 1 1571 834 1630; baseline 0.006 -17"><span class='ocrx_word' id='word_1_236' title='bbox 1 1582 4 1613; x_wconf 71' lang='grc' dir='ltr'><strong><em>ἒ</em></strong></span> <span class='ocrx_word' id='word_1_237' title='bbox 62 1589 138 1626; x_wconf 81' lang='lat' dir='ltr'>gruam,</span> <span class='ocrx_word' id='word_1_238' title='bbox 154 1575 236 1614; x_wconf 85' lang='lat' dir='ltr'>adversa</span> <span class='ocrx_word' id='word_1_239' title='bbox 252 1575 315 1614; x_wconf 90' lang='lat' dir='ltr'>omnia</span> <span class='ocrx_word' id='word_1_240' title='bbox 329 1580 477 1626; x_wconf 82' lang='lat' dir='ltr'>prouocantem,</span> <span class='ocrx_word' id='word_1_241' title='bbox 494 1575 525 1614; x_wconf 87' lang='lat' dir='ltr'>cui</span> <span class='ocrx_word' id='word_1_242' title='bbox 539 1571 564 1616; x_wconf 73' lang='lat' dir='ltr'>rii</span> <span class='ocrx_word' id='word_1_243' title='bbox 574 1589 684 1626; x_wconf 74' lang='lat' dir='ltr'>persuasae</span> <span class='ocrx_word' id='word_1_244' title='bbox 697 1591 739 1617; x_wconf 84' lang='lat' dir='ltr'>sara</span> <span class='ocrx_word' id='word_1_245' title='bbox 753 1591 834 1630; x_wconf 85' lang='lat' dir='ltr'>respon-</span> 
     </span>
    </p>
   </div>
   <div class='ocr_carea' id='block_1_14' title="bbox 1 1626 834 1737">
    <p class='ocr_par' dir='ltr' id='par_1_15' title="bbox 1 1626 834 1737">
     <span class='ocr_line' id='line_1_27' title="bbox 1 1626 834 1681; baseline 0.007 -14"><span class='ocrx_word' id='word_1_246' title='bbox 1 1626 5 1672; x_wconf 64' lang='grc' dir='ltr'>ἷ</span> <span class='ocrx_word' id='word_1_247' title='bbox 62 1629 101 1668; x_wconf 87' lang='lat' dir='ltr'>det.</span> <span class='ocrx_word' id='word_1_248' title='bbox 129 1629 200 1678; x_wconf 89' lang='lat' dir='ltr'>Prima,</span> <span class='ocrx_word' id='word_1_249' title='bbox 216 1630 323 1681; x_wconf 82' lang='lat' dir='ltr'>generalis,</span> <span class='ocrx_word' id='word_1_250' title='bbox 339 1634 369 1668; x_wconf 87' lang='lat' dir='ltr'>est</span> <span class='ocrx_word' id='word_1_251' title='bbox 382 1630 441 1668; x_wconf 87' lang='lat' dir='ltr'>haec:</span> <span class='ocrx_word' id='word_1_252' title='bbox 455 1631 473 1669; x_wconf 84' lang='lat' dir='ltr'>ei</span> <span class='ocrx_word' id='word_1_253' title='bbox 484 1631 540 1669; x_wconf 79' lang='lat' dir='ltr'>Dens</span> <span class='ocrx_word' id='word_1_254' title='bbox 549 1643 590 1681; x_wconf 79' lang='lat' dir='ltr'>pro</span> <span class='ocrx_word' id='word_1_255' title='bbox 604 1631 667 1679; x_wconf 79' lang='lat' dir='ltr'>nobis,</span> <span class='ocrx_word' id='word_1_256' title='bbox 684 1631 753 1675; x_wconf 73' lang='lat' dir='ltr'><strong><em>QUIS</em></strong></span> <span class='ocrx_word' id='word_1_257' title='bbox 765 1640 834 1673; x_wconf 86' lang='lat' dir='ltr'>eontra</span> 
     </span>
     <span class='ocr_line' id='line_1_28' title="bbox 1 1683 833 1737; baseline 0.007 -15"><span class='ocrx_word' id='word_1_258' title='bbox 1 1732 2 1735; x_wconf 11' lang='grc' dir='ltr'><strong>Ἰ</strong></span> <span class='ocrx_word' id='word_1_259' title='bbox 61 1686 109 1722; x_wconf 71' lang='lat' dir='ltr'>aes?</span> <span class='ocrx_word' id='word_1_260' title='bbox 128 1684 218 1735; x_wconf 86' lang='lat' dir='ltr'>specialis</span> <span class='ocrx_word' id='word_1_261' title='bbox 236 1684 300 1735; x_wconf 87' lang='lat' dir='ltr'>prima</span> <span class='ocrx_word' id='word_1_262' title='bbox 314 1683 373 1732; x_wconf 88' lang='lat' dir='ltr'>haec,</span> <span class='ocrx_word' id='word_1_263' title='bbox 393 1683 417 1722; x_wconf 86' lang='lat' dir='ltr'>de</span> <span class='ocrx_word' id='word_1_264' title='bbox 431 1685 546 1735; x_wconf 81' lang='lat' dir='ltr'>praeterito:</span> <span class='ocrx_word' id='word_1_265' title='bbox 568 1685 602 1735; x_wconf 84' lang='lat' dir='ltr'>qai</span> <span class='ocrx_word' id='word_1_266' title='bbox 614 1699 638 1724; x_wconf 86' lang='lat' dir='ltr'>ne</span> <span class='ocrx_word' id='word_1_267' title='bbox 652 1699 687 1724; x_wconf 86' lang='lat' dir='ltr'>sao</span> <span class='ocrx_word' id='word_1_268' title='bbox 702 1688 777 1737; x_wconf 82' lang='lat' dir='ltr'>quidem</span> <span class='ocrx_word' id='word_1_269' title='bbox 793 1689 833 1732; x_wconf 74' lang='lat' dir='ltr'>arto</span> 
     </span>
    </p>
   </div>
   <div class='ocr_carea' id='block_1_15' title="bbox 58 1730 833 3168">
    <p class='ocr_par' dir='ltr' id='par_1_16' title="bbox 58 1730 833 2778">
     <span class='ocr_line' id='line_1_29' title="bbox 58 1730 833 1790; baseline 0.008 -13"><span class='ocrx_word' id='word_1_270' title='bbox 58 1740 153 1789; x_wconf 78' lang='lat' dir='ltr'>pepercit,</span> <span class='ocrx_word' id='word_1_271' title='bbox 171 1741 206 1777; x_wconf 80' lang='lat' dir='ltr'>secl</span> <span class='ocrx_word' id='word_1_272' title='bbox 219 1752 258 1790; x_wconf 81' lang='lat' dir='ltr'>pro</span> <span class='ocrx_word' id='word_1_273' title='bbox 276 1738 329 1777; x_wconf 76' lang='lat' dir='ltr'>rachis</span> <span class='ocrx_word' id='word_1_274' title='bbox 346 1739 431 1777; x_wconf 75' lang='grc'><strong>1111111111</strong></span> <span class='ocrx_word' id='word_1_275' title='bbox 449 1739 530 1778; x_wconf 80' lang='lat' dir='ltr'>tradidit</span> <span class='ocrx_word' id='word_1_276' title='bbox 548 1740 615 1778; x_wconf 79' lang='lat' dir='ltr'>illam:</span> <span class='ocrx_word' id='word_1_277' title='bbox 634 1739 775 1782; x_wconf 74' lang='lat' dir='ltr'><strong><em>QUOMODO</em></strong></span> <span class='ocrx_word' id='word_1_278' title='bbox 787 1730 833 1783; x_wconf 67' lang='grc' dir='ltr'>ι111111</span> 
     </span>
     <span class='ocr_line' id='line_1_30' title="bbox 61 1792 833 1837; baseline 0.008 -6"><span class='ocrx_word' id='word_1_279' title='bbox 61 1793 117 1832; x_wconf 83' lang='lat' dir='ltr'>etiam</span> <span class='ocrx_word' id='word_1_280' title='bbox 130 1807 173 1832; x_wconf 81' lang='lat' dir='ltr'>cant</span> <span class='ocrx_word' id='word_1_281' title='bbox 186 1794 218 1832; x_wconf 83' lang='lat' dir='ltr'>illo</span> <span class='ocrx_word' id='word_1_282' title='bbox 231 1794 295 1832; x_wconf 80' lang='lat' dir='ltr'>orrrrria</span> <span class='ocrx_word' id='word_1_283' title='bbox 308 1793 362 1831; x_wconf 76' lang='lat' dir='ltr'>rectis</span> <span class='ocrx_word' id='word_1_284' title='bbox 373 1794 501 1832; x_wconf 77' lang='lat' dir='ltr'>corceiorahit?</span> <span class='ocrx_word' id='word_1_285' title='bbox 514 1792 584 1836; x_wconf 64' lang='lat' dir='ltr'>&gt;QUIS</span> <span class='ocrx_word' id='word_1_286' title='bbox 593 1795 691 1833; x_wconf 77' lang='lat' dir='ltr'>accusabit</span> <span class='ocrx_word' id='word_1_287' title='bbox 705 1798 771 1835; x_wconf 86' lang='lat' dir='ltr'>electos</span> <span class='ocrx_word' id='word_1_288' title='bbox 780 1797 833 1837; x_wconf 73' lang='lat' dir='ltr'>Dei?</span> 
     </span>
     <span class='ocr_line' id='line_1_31' title="bbox 62 1846 833 1901; baseline 0.008 -15"><span class='ocrx_word' id='word_1_289' title='bbox 62 1846 104 1899; x_wconf 85' lang='lat' dir='ltr'>[ubi</span> <span class='ocrx_word' id='word_1_290' title='bbox 116 1847 137 1886; x_wconf 94' lang='lat' dir='ltr'>in</span> <span class='ocrx_word' id='word_1_291' title='bbox 149 1847 299 1898; x_wconf 81' lang='lat' dir='ltr'>interrogatione</span> <span class='ocrx_word' id='word_1_292' title='bbox 315 1847 454 1886; x_wconf 85' lang='lat' dir='ltr'>consectarium</span> <span class='ocrx_word' id='word_1_293' title='bbox 468 1852 531 1885; x_wconf 85' lang='lat' dir='ltr'>estex</span> <span class='ocrx_word' id='word_1_294' title='bbox 544 1847 660 1898; x_wconf 84' lang='lat' dir='ltr'>gloriatione</span> <span class='ocrx_word' id='word_1_295' title='bbox 677 1848 703 1888; x_wconf 89' lang='lat' dir='ltr'>de</span> <span class='ocrx_word' id='word_1_296' title='bbox 713 1853 833 1901; x_wconf 76' lang='lat' dir='ltr'>praeterito:</span> 
     </span>
     <span class='ocr_line' id='line_1_32' title="bbox 60 1901 833 1955; baseline 0.009 -15"><span class='ocrx_word' id='word_1_297' title='bbox 60 1905 129 1940; x_wconf 87' lang='lat' dir='ltr'>natura</span> <span class='ocrx_word' id='word_1_298' title='bbox 144 1901 194 1940; x_wconf 84' lang='lat' dir='ltr'>eninr</span> <span class='ocrx_word' id='word_1_299' title='bbox 207 1902 236 1939; x_wconf 90' lang='lat' dir='ltr'>rei</span> <span class='ocrx_word' id='word_1_300' title='bbox 249 1914 287 1940; x_wconf 90' lang='lat' dir='ltr'>non</span> <span class='ocrx_word' id='word_1_301' title='bbox 301 1901 378 1941; x_wconf 87' lang='lat' dir='ltr'>ferebat</span> <span class='ocrx_word' id='word_1_302' title='bbox 391 1902 502 1952; x_wconf 85' lang='lat' dir='ltr'>periocham</span> <span class='ocrx_word' id='word_1_303' title='bbox 520 1903 597 1941; x_wconf 90' lang='lat' dir='ltr'>nonnisi</span> <span class='ocrx_word' id='word_1_304' title='bbox 607 1916 654 1955; x_wconf 44' lang='lat' dir='ltr'>sper</span> <span class='ocrx_word' id='word_1_305' title='bbox 669 1907 779 1955; x_wconf 81' lang='lat' dir='ltr'>praeterita</span> <span class='ocrx_word' id='word_1_306' title='bbox 800 1920 833 1946; x_wconf 80' lang='lat' dir='ltr'>ex-</span> 
     </span>
     <span class='ocr_line' id='line_1_33' title="bbox 60 1955 833 2008; baseline 0.012 -15"><span class='ocrx_word' id='word_1_307' title='bbox 60 1968 153 2006; x_wconf 87' lang='lat' dir='ltr'>pressam.</span> <span class='ocrx_word' id='word_1_308' title='bbox 182 1955 255 2006; x_wconf 86' lang='lat' dir='ltr'>Utique</span> <span class='ocrx_word' id='word_1_309' title='bbox 269 1955 343 2007; x_wconf 80' lang='lat' dir='ltr'>duplex</span> <span class='ocrx_word' id='word_1_310' title='bbox 357 1955 415 1994; x_wconf 85' lang='lat' dir='ltr'>etiarn</span> <span class='ocrx_word' id='word_1_311' title='bbox 424 1958 517 2005; x_wconf 73' lang='lat' dir='ltr'>satiram</span> <span class='ocrx_word' id='word_1_312' title='bbox 533 1962 563 1995; x_wconf 85' lang='lat' dir='ltr'>est</span> <span class='ocrx_word' id='word_1_313' title='bbox 575 1957 595 1995; x_wconf 89' lang='lat' dir='ltr'>in</span> <span class='ocrx_word' id='word_1_314' title='bbox 610 1960 734 2008; x_wconf 81' lang='lat' dir='ltr'>condonabit,</span> <span class='ocrx_word' id='word_1_315' title='bbox 753 1975 833 2002; x_wconf 84' lang='lat' dir='ltr'>accasa-</span> 
     </span>
     <span class='ocr_line' id='line_1_34' title="bbox 60 2009 832 2066; baseline 0.009 -17"><span class='ocrx_word' id='word_1_316' title='bbox 60 2010 96 2056; x_wconf 83' lang='lat' dir='ltr'>hit;</span> <span class='ocrx_word' id='word_1_317' title='bbox 110 2010 146 2049; x_wconf 85' lang='lat' dir='ltr'>sed</span> <span class='ocrx_word' id='word_1_318' title='bbox 158 2009 179 2048; x_wconf 89' lang='lat' dir='ltr'>id</span> <span class='ocrx_word' id='word_1_319' title='bbox 193 2015 258 2048; x_wconf 85' lang='lat' dir='ltr'>tamen</span> <span class='ocrx_word' id='word_1_320' title='bbox 271 2009 393 2049; x_wconf 83' lang='lat' dir='ltr'>manifestum</span> <span class='ocrx_word' id='word_1_321' title='bbox 407 2010 468 2049; x_wconf 86' lang='lat' dir='ltr'>habet</span> <span class='ocrx_word' id='word_1_322' title='bbox 482 2010 508 2050; x_wconf 85' lang='lat' dir='ltr'>ad</span> <span class='ocrx_word' id='word_1_323' title='bbox 518 2013 629 2062; x_wconf 81' lang='lat' dir='ltr'>praeterita</span> <span class='ocrx_word' id='word_1_324' title='bbox 642 2020 760 2066; x_wconf 87' lang='lat' dir='ltr'>respectum.</span> <span class='ocrx_word' id='word_1_325' title='bbox 783 2016 832 2057; x_wconf 88' lang='lat' dir='ltr'>Pec-</span> 
     </span>
     <span class='ocr_line' id='line_1_35' title="bbox 60 2064 833 2124; baseline 0.013 -22"><span class='ocrx_word' id='word_1_326' title='bbox 60 2068 103 2102; x_wconf 84' lang='lat' dir='ltr'>cata</span> <span class='ocrx_word' id='word_1_327' title='bbox 118 2064 219 2116; x_wconf 85' lang='lat' dir='ltr'>commissa</span> <span class='ocrx_word' id='word_1_328' title='bbox 230 2064 285 2103; x_wconf 87' lang='lat' dir='ltr'>Deus</span> <span class='ocrx_word' id='word_1_329' title='bbox 300 2064 364 2114; x_wconf 85' lang='lat' dir='ltr'>onmia</span> <span class='ocrx_word' id='word_1_330' title='bbox 378 2065 502 2105; x_wconf 82' lang='lat' dir='ltr'>condonabit.</span> <span class='ocrx_word' id='word_1_331' title='bbox 527 2065 558 2105; x_wconf 89' lang='lat' dir='ltr'>Ob</span> <span class='ocrx_word' id='word_1_332' title='bbox 573 2079 598 2105; x_wconf 84' lang='lat' dir='ltr'>ea</span> <span class='ocrx_word' id='word_1_333' title='bbox 612 2070 785 2111; x_wconf 84' lang='lat' dir='ltr'>commissanemo</span> <span class='ocrx_word' id='word_1_334' title='bbox 790 2072 833 2124; x_wconf 89' lang='lat' dir='ltr'>jam</span> 
     </span>
     <span class='ocr_line' id='line_1_36' title="bbox 60 2115 833 2178; baseline 0.016 -23"><span class='ocrx_word' id='word_1_335' title='bbox 60 2118 132 2156; x_wconf 86' lang='lat' dir='ltr'>electos</span> <span class='ocrx_word' id='word_1_336' title='bbox 141 2117 180 2156; x_wconf 92' lang='lat' dir='ltr'>Dei</span> <span class='ocrx_word' id='word_1_337' title='bbox 194 2131 285 2157; x_wconf 88' lang='lat' dir='ltr'>accusare</span> <span class='ocrx_word' id='word_1_338' title='bbox 299 2123 369 2170; x_wconf 89' lang='lat' dir='ltr'>potest.</span> <span class='ocrx_word' id='word_1_339' title='bbox 390 2119 458 2172; x_wconf 81' lang='lat' dir='ltr'>Atque</span> <span class='ocrx_word' id='word_1_340' title='bbox 472 2115 498 2161; x_wconf 74' lang='lat' dir='ltr'>ad</span> <span class='ocrx_word' id='word_1_341' title='bbox 510 2123 610 2171; x_wconf 78' lang='lat' dir='ltr'>qiiornocio,</span> <span class='ocrx_word' id='word_1_342' title='bbox 625 2124 668 2175; x_wconf 81' lang='lat' dir='ltr'>qais</span> <span class='ocrx_word' id='word_1_343' title='bbox 683 2125 833 2178; x_wconf 87' lang='lat' dir='ltr'>compinguntur</span> 
     </span>
     <span class='ocr_line' id='line_1_37' title="bbox 59 2171 832 2229; baseline 0.017 -20"><span class='ocrx_word' id='word_1_344' title='bbox 59 2172 96 2210; x_wconf 92' lang='lat' dir='ltr'>hoc</span> <span class='ocrx_word' id='word_1_345' title='bbox 109 2171 166 2210; x_wconf 88' lang='lat' dir='ltr'>modo</span> <span class='ocrx_word' id='word_1_346' title='bbox 180 2172 200 2210; x_wconf 89' lang='lat' dir='ltr'>in</span> <span class='ocrx_word' id='word_1_347' title='bbox 214 2185 273 2211; x_wconf 87' lang='lat' dir='ltr'>unam</span> <span class='ocrx_word' id='word_1_348' title='bbox 288 2173 409 2225; x_wconf 85' lang='lat' dir='ltr'>eandemque</span> <span class='ocrx_word' id='word_1_349' title='bbox 424 2174 542 2226; x_wconf 86' lang='lat' dir='ltr'>periocham,</span> <span class='ocrx_word' id='word_1_350' title='bbox 558 2176 594 2215; x_wconf 84' lang='lat' dir='ltr'>sed</span> <span class='ocrx_word' id='word_1_351' title='bbox 608 2177 683 2229; x_wconf 81' lang='lat' dir='ltr'>duplex</span> <span class='ocrx_word' id='word_1_352' title='bbox 698 2180 745 2219; x_wconf 90' lang='lat' dir='ltr'>item</span> <span class='ocrx_word' id='word_1_353' title='bbox 760 2186 789 2221; x_wconf 87' lang='lat' dir='ltr'>est</span> <span class='ocrx_word' id='word_1_354' title='bbox 802 2195 832 2222; x_wconf 82' lang='lat' dir='ltr'>re-</span> 
     </span>
     <span class='ocr_line' id='line_1_38' title="bbox 59 2226 832 2282; baseline 0.018 -19"><span class='ocrx_word' id='word_1_355' title='bbox 59 2230 143 2277; x_wconf 83' lang='lat' dir='ltr'>spectus.</span> <span class='ocrx_word' id='word_1_356' title='bbox 164 2226 184 2278; x_wconf 88' lang='grc'>1)</span> <span class='ocrx_word' id='word_1_357' title='bbox 198 2240 232 2265; x_wconf 86' lang='lat' dir='ltr'>sao</span> <span class='ocrx_word' id='word_1_358' title='bbox 246 2228 297 2266; x_wconf 83' lang='lat' dir='ltr'>Filio</span> <span class='ocrx_word' id='word_1_359' title='bbox 311 2229 366 2267; x_wconf 81' lang='lat' dir='ltr'>Deae</span> <span class='ocrx_word' id='word_1_360' title='bbox 379 2242 419 2268; x_wconf 80' lang='lat' dir='ltr'>riou</span> <span class='ocrx_word' id='word_1_361' title='bbox 429 2231 522 2280; x_wconf 80' lang='lat' dir='ltr'>pepercit.</span> <span class='ocrx_word' id='word_1_362' title='bbox 551 2231 604 2282; x_wconf 83' lang='lat' dir='ltr'>Ergo</span> <span class='ocrx_word' id='word_1_363' title='bbox 619 2234 676 2273; x_wconf 84' lang='lat' dir='ltr'>etiarn</span> <span class='ocrx_word' id='word_1_364' title='bbox 691 2249 733 2274; x_wconf 87' lang='lat' dir='ltr'>earn</span> <span class='ocrx_word' id='word_1_365' title='bbox 747 2235 779 2276; x_wconf 83' lang='lat' dir='ltr'>illo</span> <span class='ocrx_word' id='word_1_366' title='bbox 794 2251 832 2277; x_wconf 78' lang='lat' dir='ltr'>orn-</span> 
     </span>
     <span class='ocr_line' id='line_1_39' title="bbox 59 2280 832 2344; baseline 0.018 -26"><span class='ocrx_word' id='word_1_367' title='bbox 59 2282 93 2319; x_wconf 74' lang='grc'><strong>1111</strong></span> <span class='ocrx_word' id='word_1_368' title='bbox 110 2280 163 2319; x_wconf 77' lang='lat' dir='ltr'>achis</span> <span class='ocrx_word' id='word_1_369' title='bbox 180 2283 299 2321; x_wconf 81' lang='lat' dir='ltr'>condonabit.</span> <span class='ocrx_word' id='word_1_370' title='bbox 326 2282 398 2335; x_wconf 59' lang='grc'><strong>211111</strong></span> <span class='ocrx_word' id='word_1_371' title='bbox 416 2285 470 2324; x_wconf 78' lang='lat' dir='ltr'>nobis</span> <span class='ocrx_word' id='word_1_372' title='bbox 489 2285 574 2324; x_wconf 77' lang='lat' dir='ltr'>onerabas</span> <span class='ocrx_word' id='word_1_373' title='bbox 592 2288 674 2327; x_wconf 76' lang='lat' dir='ltr'>tradidit</span> <span class='ocrx_word' id='word_1_374' title='bbox 689 2290 749 2329; x_wconf 81' lang='lat' dir='ltr'>illari.</span> <span class='ocrx_word' id='word_1_375' title='bbox 778 2292 832 2344; x_wconf 85' lang='lat' dir='ltr'>Ergo</span> 
     </span>
     <span class='ocr_line' id='line_1_40' title="bbox 59 2336 832 2397; baseline 0.018 -25"><span class='ocrx_word' id='word_1_376' title='bbox 59 2348 112 2373; x_wconf 75' lang='lat' dir='ltr'>rreum</span> <span class='ocrx_word' id='word_1_377' title='bbox 126 2336 223 2375; x_wconf 78' lang='lat' dir='ltr'>accusabit</span> <span class='ocrx_word' id='word_1_378' title='bbox 236 2338 302 2375; x_wconf 84' lang='lat' dir='ltr'>eiectos</span> <span class='ocrx_word' id='word_1_379' title='bbox 311 2338 365 2391; x_wconf 82' lang='lat' dir='ltr'>Dei.)</span> <span class='ocrx_word' id='word_1_380' title='bbox 379 2339 471 2387; x_wconf 89' lang='lat' dir='ltr'>secunda,</span> <span class='ocrx_word' id='word_1_381' title='bbox 486 2339 511 2378; x_wconf 86' lang='lat' dir='ltr'>de</span> <span class='ocrx_word' id='word_1_382' title='bbox 523 2342 631 2391; x_wconf 88' lang='lat' dir='ltr'>praesenti:</span> <span class='ocrx_word' id='word_1_383' title='bbox 646 2336 702 2383; x_wconf 76' lang='lat' dir='ltr'>Deae</span> <span class='ocrx_word' id='word_1_384' title='bbox 710 2346 832 2397; x_wconf 59' lang='lat' dir='ltr'>jactatione.-</span> 
     </span>
     <span class='ocr_line' id='line_1_41' title="bbox 61 2388 831 2445; baseline 0.017 -18"><span class='ocrx_word' id='word_1_385' title='bbox 61 2388 127 2431; x_wconf 76' lang='lat' dir='ltr'><strong><em>QUIS</em></strong></span> <span class='ocrx_word' id='word_1_386' title='bbox 141 2391 282 2429; x_wconf 72' lang='lat' dir='ltr'>eoraienenars?</span> <span class='ocrx_word' id='word_1_387' title='bbox 300 2392 350 2431; x_wconf 89' lang='lat' dir='ltr'>conf.</span> <span class='ocrx_word' id='word_1_388' title='bbox 365 2393 442 2432; x_wconf 91' lang='lat' dir='ltr'>omniuo</span> <span class='ocrx_word' id='word_1_389' title='bbox 457 2393 499 2433; x_wconf 81' lang='lat' dir='ltr'>Jes.</span> <span class='ocrx_word' id='word_1_390' title='bbox 514 2398 546 2441; x_wconf 81' lang='lat'>50,</span> <span class='ocrx_word' id='word_1_391' title='bbox 560 2399 580 2437; x_wconf 91' lang='lat'>8.</span> <span class='ocrx_word' id='word_1_392' title='bbox 595 2401 614 2438; x_wconf 83' lang='grc'>9,</span> <span class='ocrx_word' id='word_1_393' title='bbox 628 2397 696 2445; x_wconf 89' lang='lat' dir='ltr'>tertia,</span> <span class='ocrx_word' id='word_1_394' title='bbox 716 2398 831 2440; x_wconf 81' lang='lat' dir='ltr'>defuturo:</span> 
     </span>
     <span class='ocr_line' id='line_1_42' title="bbox 61 2442 831 2507; baseline 0.018 -26"><span class='ocrx_word' id='word_1_395' title='bbox 61 2442 147 2483; x_wconf 75' lang='lat' dir='ltr'>Christus</span> <span class='ocrx_word' id='word_1_396' title='bbox 160 2450 193 2483; x_wconf 88' lang='lat' dir='ltr'>etc.</span> <span class='ocrx_word' id='word_1_397' title='bbox 223 2445 338 2489; x_wconf 64' lang='grc'><strong>1111111111</strong></span> <span class='ocrx_word' id='word_1_398' title='bbox 351 2449 455 2498; x_wconf 78' lang='lat' dir='ltr'>separabit.</span> <span class='ocrx_word' id='word_1_399' title='bbox 473 2453 509 2487; x_wconf 90' lang='lat' dir='ltr'>etc.</span> <span class='ocrx_word' id='word_1_400' title='bbox 528 2448 615 2489; x_wconf 83' lang='lat' dir='ltr'>futurum</span> <span class='ocrx_word' id='word_1_401' title='bbox 631 2452 682 2489; x_wconf 88' lang='lat' dir='ltr'>enim</span> <span class='ocrx_word' id='word_1_402' title='bbox 698 2458 728 2492; x_wconf 89' lang='lat' dir='ltr'>est</span> <span class='ocrx_word' id='word_1_403' title='bbox 741 2453 762 2492; x_wconf 89' lang='lat' dir='ltr'>in</span> <span class='ocrx_word' id='word_1_404' title='bbox 775 2469 831 2507; x_wconf 78' lang='lat' dir='ltr'>sepa-</span> 
     </span>
     <span class='ocr_line' id='line_1_43' title="bbox 59 2498 832 2552; baseline 0.019 -17"><span class='ocrx_word' id='word_1_405' title='bbox 59 2498 114 2536; x_wconf 80' lang='lat' dir='ltr'>rabit.</span> <span class='ocrx_word' id='word_1_406' title='bbox 128 2498 172 2537; x_wconf 91' lang='lat' dir='ltr'>coll.</span> <span class='ocrx_word' id='word_1_407' title='bbox 186 2512 205 2537; x_wconf 94' lang='lat' dir='ltr'>v.</span> <span class='ocrx_word' id='word_1_408' title='bbox 215 2504 247 2543; x_wconf 85' lang='lat'>58.</span> <span class='ocrx_word' id='word_1_409' title='bbox 256 2501 287 2539; x_wconf 91' lang='lat' dir='ltr'>fin.</span> <span class='ocrx_word' id='word_1_410' title='bbox 304 2500 435 2541; x_wconf 85' lang='lat' dir='ltr'>Praeteritum</span> <span class='ocrx_word' id='word_1_411' title='bbox 449 2507 468 2541; x_wconf 88' lang='lat' dir='ltr'>et</span> <span class='ocrx_word' id='word_1_412' title='bbox 482 2502 584 2552; x_wconf 87' lang='lat' dir='ltr'>Praesens,</span> <span class='ocrx_word' id='word_1_413' title='bbox 599 2504 747 2547; x_wconf 85' lang='lat' dir='ltr'>fundamentum</span> <span class='ocrx_word' id='word_1_414' title='bbox 755 2508 832 2551; x_wconf 83' lang='lat' dir='ltr'>Futuri.</span> 
     </span>
     <span class='ocr_line' id='line_1_44' title="bbox 59 2550 832 2615; baseline 0.019 -26"><span class='ocrx_word' id='word_1_415' title='bbox 59 2550 85 2589; x_wconf 86' lang='lat' dir='ltr'>Et</span> <span class='ocrx_word' id='word_1_416' title='bbox 98 2564 157 2604; x_wconf 88' lang='lat' dir='ltr'>saepe</span> <span class='ocrx_word' id='word_1_417' title='bbox 172 2565 197 2592; x_wconf 82' lang='lat' dir='ltr'>ex</span> <span class='ocrx_word' id='word_1_418' title='bbox 210 2559 273 2594; x_wconf 90' lang='lat' dir='ltr'>morte</span> <span class='ocrx_word' id='word_1_419' title='bbox 289 2554 362 2595; x_wconf 78' lang='lat' dir='ltr'>Christi</span> <span class='ocrx_word' id='word_1_420' title='bbox 376 2570 429 2596; x_wconf 84' lang='lat' dir='ltr'>amor</span> <span class='ocrx_word' id='word_1_421' title='bbox 443 2557 531 2597; x_wconf 80' lang='lat' dir='ltr'>infertur.</span> <span class='ocrx_word' id='word_1_422' title='bbox 546 2572 562 2597; x_wconf 89' lang='lat' dir='ltr'>c.</span> <span class='ocrx_word' id='word_1_423' title='bbox 579 2563 597 2608; x_wconf 81' lang='lat'>5,</span> <span class='ocrx_word' id='word_1_424' title='bbox 612 2565 631 2603; x_wconf 81' lang='lat'>5.</span> <span class='ocrx_word' id='word_1_425' title='bbox 646 2574 701 2615; x_wconf 87' lang='lat' dir='ltr'>seqq.</span> <span class='ocrx_word' id='word_1_426' title='bbox 716 2562 761 2603; x_wconf 80' lang='lat' dir='ltr'>Gal.</span> <span class='ocrx_word' id='word_1_427' title='bbox 770 2571 789 2613; x_wconf 85' lang='lat'>2,</span> <span class='ocrx_word' id='word_1_428' title='bbox 798 2571 832 2609; x_wconf 80' lang='lat'>20.</span> 
     </span>
     <span class='ocr_line' id='line_1_45' title="bbox 58 2603 832 2668; baseline 0.021 -24"><span class='ocrx_word' id='word_1_429' title='bbox 58 2603 97 2656; x_wconf 83' lang='lat' dir='ltr'>Ap.</span> <span class='ocrx_word' id='word_1_430' title='bbox 105 2611 123 2655; x_wconf 89' lang='grc'>1,</span> <span class='ocrx_word' id='word_1_431' title='bbox 132 2612 151 2649; x_wconf 80' lang='grc'>5.</span> <span class='ocrx_word' id='word_1_432' title='bbox 178 2608 281 2661; x_wconf 84' lang='lat' dir='ltr'>Frequens</span> <span class='ocrx_word' id='word_1_433' title='bbox 295 2610 354 2650; x_wconf 86' lang='lat' dir='ltr'>etiam</span> <span class='ocrx_word' id='word_1_434' title='bbox 368 2617 398 2652; x_wconf 86' lang='lat' dir='ltr'>est</span> <span class='ocrx_word' id='word_1_435' title='bbox 408 2612 453 2652; x_wconf 88' lang='lat' dir='ltr'>talis</span> <span class='ocrx_word' id='word_1_436' title='bbox 468 2612 559 2666; x_wconf 90' lang='lat' dir='ltr'>apodosis</span> <span class='ocrx_word' id='word_1_437' title='bbox 570 2614 698 2668; x_wconf 86' lang='lat' dir='ltr'>interrogans,</span> <span class='ocrx_word' id='word_1_438' title='bbox 714 2622 733 2657; x_wconf 90' lang='lat' dir='ltr'>et</span> <span class='ocrx_word' id='word_1_439' title='bbox 746 2620 832 2660; x_wconf 74' lang='lat' dir='ltr'>maxime</span> 
     </span>
     <span class='ocr_line' id='line_1_46' title="bbox 60 2663 831 2723; baseline 0.021 -26"><span class='ocrx_word' id='word_1_440' title='bbox 60 2663 148 2700; x_wconf 89' lang='lat' dir='ltr'>convenit</span> <span class='ocrx_word' id='word_1_441' title='bbox 168 2664 252 2702; x_wconf 90' lang='lat' dir='ltr'>sermoni</span> <span class='ocrx_word' id='word_1_442' title='bbox 270 2665 362 2704; x_wconf 87' lang='lat' dir='ltr'>animoso.</span> <span class='ocrx_word' id='word_1_443' title='bbox 386 2667 431 2706; x_wconf 87' lang='lat' dir='ltr'>Act.</span> <span class='ocrx_word' id='word_1_444' title='bbox 446 2673 470 2717; x_wconf 90' lang='lat'>8,</span> <span class='ocrx_word' id='word_1_445' title='bbox 484 2674 517 2711; x_wconf 79' lang='lat'>55.</span> <span class='ocrx_word' id='word_1_446' title='bbox 535 2667 593 2708; x_wconf 90' lang='lat' dir='ltr'>Num.</span> <span class='ocrx_word' id='word_1_447' title='bbox 609 2673 645 2719; x_wconf 76' lang='lat'>24,</span> <span class='ocrx_word' id='word_1_448' title='bbox 660 2677 678 2714; x_wconf 85' lang='lat'>9.</span> <span class='ocrx_word' id='word_1_449' title='bbox 698 2671 745 2711; x_wconf 79' lang='lat' dir='ltr'>Job.</span> <span class='ocrx_word' id='word_1_450' title='bbox 761 2680 831 2723; x_wconf 75' lang='grc'><strong>9,12,</strong></span> 
     </span>
     <span class='ocr_line' id='line_1_47' title="bbox 59 2715 831 2778; baseline 0.019 -24"><span class='ocrx_word' id='word_1_451' title='bbox 59 2716 130 2761; x_wconf 72' lang='grc'><strong>5129.</strong></span> <span class='ocrx_word' id='word_1_452' title='bbox 144 2715 178 2755; x_wconf 80' lang='lat' dir='ltr'>rs.</span> <span class='ocrx_word' id='word_1_453' title='bbox 192 2723 224 2767; x_wconf 82' lang='lat'>27,</span> <span class='ocrx_word' id='word_1_454' title='bbox 238 2725 256 2761; x_wconf 92' lang='grc'>1.</span> <span class='ocrx_word' id='word_1_455' title='bbox 271 2719 305 2759; x_wconf 78' lang='lat' dir='ltr'>us.</span> <span class='ocrx_word' id='word_1_456' title='bbox 320 2723 352 2768; x_wconf 82' lang='grc'>11,</span> <span class='ocrx_word' id='word_1_457' title='bbox 367 2727 399 2765; x_wconf 82' lang='grc'>27.</span> <span class='ocrx_word' id='word_1_458' title='bbox 414 2725 447 2770; x_wconf 75' lang='grc'>13,</span> <span class='ocrx_word' id='word_1_459' title='bbox 462 2728 494 2766; x_wconf 80' lang='grc'>15.</span> <span class='ocrx_word' id='word_1_460' title='bbox 511 2722 652 2773; x_wconf 71' lang='lat' dir='ltr'>Thren.2,15.</span> <span class='ocrx_word' id='word_1_461' title='bbox 666 2726 698 2765; x_wconf 87' lang='lat' dir='ltr'>fin.</span> <span class='ocrx_word' id='word_1_462' title='bbox 712 2727 774 2768; x_wconf 88' lang='lat' dir='ltr'>Amos</span> <span class='ocrx_word' id='word_1_463' title='bbox 783 2734 802 2778; x_wconf 79' lang='lat'>5,</span> <span class='ocrx_word' id='word_1_464' title='bbox 811 2734 831 2773; x_wconf 87' lang='lat'>8.</span> 
     </span>
    </p>

    <p class='ocr_par' dir='ltr' id='par_1_17' title="bbox 58 2771 833 3168">
     <span class='ocr_line' id='line_1_48' title="bbox 113 2771 832 2832; baseline 0.018 -21"><span class='ocrx_word' id='word_1_465' title='bbox 113 2783 132 2807; x_wconf 84' lang='lat' dir='ltr'>v·</span> <span class='ocrx_word' id='word_1_466' title='bbox 146 2776 179 2813; x_wconf 80' lang='lat'>52.</span> <span class='ocrx_word' id='word_1_467' title='bbox 195 2771 248 2824; x_wconf 73' lang='grc' dir='ltr'><strong>ὅςγε,</strong></span> <span class='ocrx_word' id='word_1_468' title='bbox 262 2774 304 2828; x_wconf 71' lang='lat' dir='ltr'>qai)</span> <span class='ocrx_word' id='word_1_469' title='bbox 318 2773 386 2815; x_wconf 87' lang='lat' dir='ltr'>Prima</span> <span class='ocrx_word' id='word_1_470' title='bbox 397 2776 448 2816; x_wconf 90' lang='lat' dir='ltr'>haec</span> <span class='ocrx_word' id='word_1_471' title='bbox 461 2778 555 2831; x_wconf 85' lang='lat' dir='ltr'>periocha</span> <span class='ocrx_word' id='word_1_472' title='bbox 569 2780 659 2831; x_wconf 85' lang='lat' dir='ltr'>specialis</span> <span class='ocrx_word' id='word_1_473' title='bbox 674 2786 758 2832; x_wconf 90' lang='lat' dir='ltr'>quatuor</span> <span class='ocrx_word' id='word_1_474' title='bbox 771 2783 832 2824; x_wconf 84' lang='lat' dir='ltr'>habet</span> 
     </span>
     <span class='ocr_line' id='line_1_49' title="bbox 59 2824 831 2891; baseline 0.023 -32"><span class='ocrx_word' id='word_1_475' title='bbox 59 2824 173 2885; x_wconf 77' lang='lat' dir='ltr'>sententias:</span> <span class='ocrx_word' id='word_1_476' title='bbox 188 2827 271 2878; x_wconf 84' lang='lat' dir='ltr'>primam</span> <span class='ocrx_word' id='word_1_477' title='bbox 284 2830 364 2882; x_wconf 88' lang='lat' dir='ltr'>respicit</span> <span class='ocrx_word' id='word_1_478' title='bbox 378 2832 441 2882; x_wconf 88' lang='lat' dir='ltr'>tertia,</span> <span class='ocrx_word' id='word_1_479' title='bbox 457 2832 563 2872; x_wconf 87' lang='lat' dir='ltr'>secundam</span> <span class='ocrx_word' id='word_1_480' title='bbox 578 2839 653 2885; x_wconf 89' lang='lat' dir='ltr'>quarta.</span> <span class='ocrx_word' id='word_1_481' title='bbox 680 2835 732 2875; x_wconf 82' lang='lat' dir='ltr'>Filio</span> <span class='ocrx_word' id='word_1_482' title='bbox 745 2851 784 2877; x_wconf 88' lang='lat' dir='ltr'>non</span> <span class='ocrx_word' id='word_1_483' title='bbox 797 2851 831 2891; x_wconf 91' lang='lat' dir='ltr'>pe-</span> 
     </span>
     <span class='ocr_line' id='line_1_50' title="bbox 59 2881 833 2946; baseline 0.025 -32"><span class='ocrx_word' id='word_1_484' title='bbox 59 2882 128 2925; x_wconf 79' lang='lat' dir='ltr'>percit:</span> <span class='ocrx_word' id='word_1_485' title='bbox 149 2892 196 2932; x_wconf 85' lang='lat' dir='ltr'>ergo</span> <span class='ocrx_word' id='word_1_486' title='bbox 210 2881 238 2920; x_wconf 88' lang='lat' dir='ltr'>nil</span> <span class='ocrx_word' id='word_1_487' title='bbox 252 2896 291 2923; x_wconf 90' lang='lat' dir='ltr'>non</span> <span class='ocrx_word' id='word_1_488' title='bbox 305 2885 430 2926; x_wconf 86' lang='lat' dir='ltr'>condonabit.</span> <span class='ocrx_word' id='word_1_489' title='bbox 457 2888 530 2928; x_wconf 84' lang='lat' dir='ltr'>Filimn</span> <span class='ocrx_word' id='word_1_490' title='bbox 543 2888 624 2929; x_wconf 80' lang='lat' dir='ltr'>tradidit</span> <span class='ocrx_word' id='word_1_491' title='bbox 643 2903 679 2941; x_wconf 88' lang='lat' dir='ltr'>pro</span> <span class='ocrx_word' id='word_1_492' title='bbox 696 2891 764 2932; x_wconf 86' lang='lat' dir='ltr'>nobis:</span> <span class='ocrx_word' id='word_1_493' title='bbox 783 2904 833 2946; x_wconf 83' lang='lat' dir='ltr'>ergo·</span> 
     </span>
     <span class='ocr_line' id='line_1_51' title="bbox 59 2935 832 3001; baseline 0.026 -30"><span class='ocrx_word' id='word_1_494' title='bbox 59 2941 114 2995; x_wconf 57' lang='lat' dir='ltr'>nqmo</span> <span class='ocrx_word' id='word_1_495' title='bbox 128 2935 228 2975; x_wconf 83' lang='lat' dir='ltr'>accusabit</span> <span class='ocrx_word' id='word_1_496' title='bbox 241 2950 278 2977; x_wconf 92' lang='lat' dir='ltr'>nos</span> <span class='ocrx_word' id='word_1_497' title='bbox 292 2945 373 2992; x_wconf 86' lang='lat' dir='ltr'>propter</span> <span class='ocrx_word' id='word_1_498' title='bbox 387 2948 476 2994; x_wconf 86' lang='lat' dir='ltr'>peccata.</span> <span class='ocrx_word' id='word_1_499' title='bbox 492 2958 507 2983; x_wconf 84' lang='lat' dir='ltr'>c.</span> <span class='ocrx_word' id='word_1_500' title='bbox 523 2946 542 2992; x_wconf 74' lang='grc'>1,</span> <span class='ocrx_word' id='word_1_501' title='bbox 557 2948 589 2987; x_wconf 83' lang='lat'>25.</span> <span class='ocrx_word' id='word_1_502' title='bbox 603 2946 686 2984; x_wconf 68' lang='lat' dir='ltr'>traditus</span> <span class='ocrx_word' id='word_1_503' title='bbox 700 2952 733 2985; x_wconf 68' lang='lat' dir='ltr'>est</span> <span class='ocrx_word' id='word_1_504' title='bbox 760 2946 832 3001; x_wconf 77' lang='lat' dir='ltr'>Neque</span> 
     </span>
     <span class='ocr_line' id='line_1_52' title="bbox 58 2988 833 3055; baseline 0.026 -32"><span class='ocrx_word' id='word_1_505' title='bbox 58 2998 81 3024; x_wconf 75' lang='lat' dir='ltr'>eo</span> <span class='ocrx_word' id='word_1_506' title='bbox 96 2988 139 3037; x_wconf 76' lang='lat' dir='ltr'>qais</span> <span class='ocrx_word' id='word_1_507' title='bbox 152 2992 250 3030; x_wconf 79' lang='lat' dir='ltr'>accicsabit</span> <span class='ocrx_word' id='word_1_508' title='bbox 263 2997 304 3033; x_wconf 87' lang='lat' dir='ltr'>tam</span> <span class='ocrx_word' id='word_1_509' title='bbox 318 3000 371 3034; x_wconf 88' lang='lat' dir='ltr'>arcte</span> <span class='ocrx_word' id='word_1_510' title='bbox 386 2997 479 3038; x_wconf 85' lang='lat' dir='ltr'>cohaeret</span> <span class='ocrx_word' id='word_1_511' title='bbox 490 3012 534 3037; x_wconf 87' lang='lat' dir='ltr'>cum</span> <span class='ocrx_word' id='word_1_512' title='bbox 548 3011 581 3046; x_wconf 92' lang='lat' dir='ltr'>eo,</span> <span class='ocrx_word' id='word_1_513' title='bbox 596 2999 649 3050; x_wconf 86' lang='lat' dir='ltr'>quod</span> <span class='ocrx_word' id='word_1_514' title='bbox 663 3001 757 3052; x_wconf 86' lang='lat' dir='ltr'>seqnitur,</span> <span class='ocrx_word' id='word_1_515' title='bbox 773 3015 833 3055; x_wconf 88' lang='lat' dir='ltr'>qnam</span> 
     </span>
     <span class='ocr_line' id='line_1_53' title="bbox 60 3044 831 3105; baseline 0.027 -27"><span class='ocrx_word' id='word_1_516' title='bbox 60 3049 102 3100; x_wconf 66' lang='lat' dir='ltr'>oum</span> <span class='ocrx_word' id='word_1_517' title='bbox 112 3054 140 3091; x_wconf 88' lang='lat' dir='ltr'>eo,</span> <span class='ocrx_word' id='word_1_518' title='bbox 150 3044 204 3095; x_wconf 86' lang='lat' dir='ltr'>quod</span> <span class='ocrx_word' id='word_1_519' title='bbox 212 3047 315 3087; x_wconf 87' lang='lat' dir='ltr'>antecedit.</span> <span class='ocrx_word' id='word_1_520' title='bbox 330 3063 376 3090; x_wconf 89' lang='lat' dir='ltr'>nam</span> <span class='ocrx_word' id='word_1_521' title='bbox 383 3051 456 3093; x_wconf 83' lang='lat' dir='ltr'>Christi</span> <span class='ocrx_word' id='word_1_522' title='bbox 465 3053 544 3093; x_wconf 88' lang='lat' dir='ltr'>traditio</span> <span class='ocrx_word' id='word_1_523' title='bbox 551 3065 588 3105; x_wconf 87' lang='lat' dir='ltr'>pro</span> <span class='ocrx_word' id='word_1_524' title='bbox 596 3053 658 3103; x_wconf 85' lang='lat' dir='ltr'>nobis,</span> <span class='ocrx_word' id='word_1_525' title='bbox 666 3067 743 3096; x_wconf 87' lang='lat' dir='ltr'>omnem</span> <span class='ocrx_word' id='word_1_526' title='bbox 752 3071 831 3098; x_wconf 80' lang='lat' dir='ltr'>accasa-</span> 
     </span>
     <span class='ocr_line' id='line_1_54' title="bbox 59 3096 831 3168; baseline 0.031 -38"><span class='ocrx_word' id='word_1_527' title='bbox 59 3096 126 3135; x_wconf 79' lang='lat' dir='ltr'>aoaern</span> <span class='ocrx_word' id='word_1_528' title='bbox 140 3099 240 3151; x_wconf 79' lang='lat' dir='ltr'>prohibet:</span> <span class='ocrx_word' id='word_1_529' title='bbox 259 3106 400 3148; x_wconf 82' lang='lat' dir='ltr'>accusationem</span> <span class='ocrx_word' id='word_1_530' title='bbox 416 3120 456 3149; x_wconf 88' lang='lat' dir='ltr'>non</span> <span class='ocrx_word' id='word_1_531' title='bbox 472 3107 572 3163; x_wconf 81' lang='lat' dir='ltr'>prohibet,</span> <span class='ocrx_word' id='word_1_532' title='bbox 590 3108 627 3149; x_wconf 84' lang='lat' dir='ltr'>sed</span> <span class='ocrx_word' id='word_1_533' title='bbox 642 3110 831 3168; x_wconf 67' lang='lat' dir='ltr'>vmcitjmtfficatio.</span> 
     </span>
    </p>
   </div>
   <div class='ocr_carea' id='block_1_16' title="bbox 0 0 966 3513">
    <p class='ocr_par' dir='ltr' id='par_1_18' title="bbox 0 0 966 3513">
     <span class='ocr_line' id='line_1_55' title="bbox 0 0 966 3513; baseline 0 0"><span class='ocrx_word' id='word_1_534' title='bbox 0 0 966 3513; x_wconf 95' lang='lat' dir='ltr'> </span> 
     </span>
    </p>
   </div>
  </div>
 </body>
</html>
