1922 3513
89 261 90 264 .
140 236 178 270 aec
409 230 535 275 1111111.
559 229 585 274 n,
598 235 615 269 1.
628 235 644 268 α

143 331 181 375 tur,
195 331 218 366 ut
232 326 322 380 plerique
337 332 425 378 censent3
439 341 509 380 neque,
523 332 545 367 ut
560 327 602 367 aliis
612 326 681 374 visum,
696 338 740 365 cum
753 324 805 363 dedit
819 322 911 363 construi-

144 386 185 432 tur3
205 382 241 422 sed
255 382 343 423 absolute
357 384 434 435 ponitur
449 383 560 423 accusativo
575 396 631 431 casu,
651 381 680 421 uti
693 375 718 421 td
731 374 848 433 μαρτύριον
863 378 912 417 testi-

144 438 234 486 monium,
249 442 260 480 1
272 438 322 477 Tim.
338 445 356 486 2,
370 444 389 482 6.
417 438 454 478 Est
468 439 518 477 enim
532 437 660 489 epiphonema
673 448 745 483 eorum,
759 446 810 484 quae
824 446 836 471 a
849 445 868 471 v.
879 438 911 475 20.

145 492 245 541 dicuntur,
264 492 365 544 innuitque
382 492 490 545 apostolus,
508 493 529 531 in
543 492 619 531 Christo
640 504 682 530 esse
696 489 833 542 plenitudinem
847 487 912 526 Patris

145 548 210 587 omnia
223 547 321 598 implentis
339 548 360 586 in
373 548 467 586 omnihus.
495 547 548 585 Vide
567 546 592 585 de
605 546 726 598 plenitudine
739 544 788 592 Dei,
807 541 880 581 Christi
893 546 912 581 et

144 602 236 655 Spiritus,
251 615 266 640 c.
281 609 299 651 5,
310 607 341 644 19.
355 604 415 650 [1,15.
430 606 499 650 5,18.,
513 601 560 639 item
574 615 589 639 s.
600 604 619 647 lr,
630 606 661 643 10.
676 600 721 639 Joh.
732 601 797 647 1,11.,
812 597 836 636 de
850 596 912 650 pleni-

144 658 213 697 tudine
226 661 340 706 temporum,
355 660 441 704 o.1,10.
469 653 537 694 Gloria
546 656 617 694 uiuoris
632 655 692 693 divini
700 654 769 704 implet
780 652 848 701 omnia,
864 651 912 690 etin

146 711 222 750 Christo
234 723 292 760 super
304 709 367 748 omnia
377 722 399 748 se
414 709 507 748 extendit.
528 708 647 761 Analogiam
657 709 717 747 habet
726 709 781 747 locus
794 721 837 746 curn
848 705 911 749 reor.

145 771 177 813 15,
188 770 220 807 28.
247 763 296 812 Hoe,
312 763 436 815 quodmodo
452 764 566 815 explanavi,
583 764 646 815 inquit
660 763 764 815 apostolus,
778 766 913 813 repraesentat

139 820 200 859 ‘nobis
210 818 350 869 plenitudinem
359 823 395 857 etc.
410 822 432 857 ut
440 817 575 857 Mathematici
584 818 661 857 dicunt:
675 818 696 857 id
711 816 763 868 quod
778 821 819 855 erat
834 816 912 856 demon-

144 872 250 915 strandum.
277 873 322 912 Hoc
336 877 399 912 totum
412 878 477 924 potest
492 873 517 912 ad
530 873 582 912 hunc
596 872 675 912 titulum
684 871 778 919 revocari,
790 867 815 912 zo*
829 865 912 924 πλήρω-

142 944 213 980 μα...
227 948 254 955 -
268 926 290 968 ἐν
304 926 367 977 πᾶσι,
382 929 403 967 in
417 926 509 981 cornibus)
524 927 625 976 Neutrum,
639 927 741 966 maseulini
754 930 870 977 potestaten]
884 925 912 964 in-

144 983 231 1022 eludens.
245 1007 272 1014 -
290 981 418 1034 ntnpepe've)
438 982 450 1021 i.
465 995 481 1020 e.
498 981 620 1033 ntquucoc.
649 981 690 1022 Sed
708 982 770 1034 major
789 980 820 1019 vis
833 979 913 1018 Mediae

143 1038 205 1086 vocis,
214 1037 234 1075 in
243 1036 354 1076 denotanda
361 1037 455 1076 relatione
460 1037 515 1089 Ejus,
523 1037 557 1089 qui
565 1036 638 1089 implet,
649 1042 668 1076 et
677 1050 750 1085 eorum,
760 1036 794 1087 qui
801 1035 911 1087 implentur.

408 1162 725 1227 curura„

198 1272 217 1297 v.
233 1264 251 1301 1.
265 1259 308 1300 Kal
322 1254 385 1310 ὑμᾶς,
399 1265 417 1298 et
430 1258 472 1312 uos]
486 1258 531 1298 Hoc
545 1259 652 1299 arctissime
665 1258 749 1298 nectitur·
763 1272 808 1298 cum
822 1267 913 1310 operatus

144 1321 177 1362 est,
192 1326 208 1353 c.
224 1318 241 1361 1,
258 1318 290 1355 20.
305 1327 338 1353 uos
352 1318 423 1353 constr.
438 1327 482 1353 curn
495 1328 536 1353 ceno
549 1315 589 1353 viui
601 1315 656 1353 coeit.
670 1318 756 1356 1-5-
771 1309 828 1363 ὑμᾶς
842 1311 912 1366 ὄντας,

144 1383 184 1417 uos,
198 1382 240 1406 curu
254 1368 313 1406 eratis
327 1368 372 1420 ete.)
387 1382 430 1408 cuni
444 1383 520 1408 ereneus
533 1383 574 1416 aros,
587 1382 607 1407 v.
621 1373 639 1411 5.
666 1367 763 1418 Utrinque
775 1369 828 1418 prior
842 1371 914 1410 vocula

145 1423 246 1475 emphasin
261 1422 326 1471 habet,
340 1424 369 1462 uti
382 1423 433 1462 Phil.
450 1429 467 1471 2,
483 1429 501 1466 7.
515 1428 554 1462 not.
569 1445 596 1451 —
611 1419 691 1475 νεκρός,
705 1421 796 1473 nrortuos)
813 1422 865 1473 Quid
878 1426 913 1464 mi-

144 1475 224 1517 serius?
232 1501 258 1508 -
267 1477 310 1522 τοῖς
323 1474 493 1530 παραπτώμασι)
506 1477 552 1516 Huc
563 1477 615 1515 refer
626 1480 721 1524 neutrum,
736 1477 863 1529 (quamquam
874 1479 913 1519 foe-

143 1533 247 1578 mininum,
262 1531 307 1576 ταῖς
322 1527 446 1586 ἁμαρτίαις,
460 1531 583 1584 intervenit‚)
601 1532 641 1580 οἷς,
656 1532 732 1581 quihus,
746 1545 765 1570 v.
780 1537 798 1573 5.
814 1533 857 1572 coll.
872 1534 913 1585 οἷα,

145 1589 200 1636 οἵας,
221 1584 291 1627 arim.
307 1591 325 1633 5,
341 1591 384 1633 11,
402 1585 437 1625 nbi
450 1586 497 1625 item
511 1586 584 1638 duplex
598 1598 666 1637 genus.
684 1608 712 1614 -
731 1584 776 1630 ταῖς
791 1582 913 1641 ἁμαρτίαις,

140 1638 235 1692 peccatis)
249 1638 295 1677 Huc
308 1639 343 1678 ref.
360 1640 398 1687 αἷς,
412 1642 484 1691 quiduis,
499 1647 544 1683 v.2.
572 1642 602 1680 At
615 1636 824 1692 &praectaejpeccurq
838 1642 912 1707 praeci-

143 1708 183 1748 pue
197 1693 288 1732 dicuntur
306 1693 331 1731 de
345 1694 436 1745 gentibus
449 1695 515 1734 Deum
532 1694 675 1746 ignorantihus3
695 1691 723 1734 roi
741 1709 912 1747 nuenarianam,

143 1750 218 1800 delicta,
230 1748 254 1786 de
268 1746 351 1788 Judaeis
365 1749 429 1800 legem
443 1748 565 1797 habentibus,
581 1748 649 1787 aluce
663 1748 802 1788 deficientibus.
817 1764 836 1789 v.
846 1756 865 1794 5.
886 1751 912 1791 Et

143 1804 165 1843 hi
178 1801 274 1856 parebant
288 1816 359 1850 1111111,-
372 1803 411 1851 illi,
422 1804 510 1855 principi
519 1803 619 1855 potestatis
633 1807 707 1843 aereae.
724 1817 742 1841 v.
757 1804 812 1856 seqq.
852 1846 853 1849 Ἴ

198 1871 217 1896 v.
232 1863 251 1900 2.
267 1853 323 1897 edroi
336 1854 373 1898 edu
388 1858 455 1899 αἰῶνα
469 1858 497 1898 ct
511 1855 577 1908 udope
592 1854 653 1908 trice)
668 1854 728 1898 Aicc'r
738 1863 758 1897 et
766 1853 912 1908 udopoe'diffe-

144 1917 195 1952 runt.
211 1911 275 1954 1001:
290 1918 308 1959 2,
323 1917 341 1955 6.
358 1917 389 1954 12.
409 1917 428 1960 5,
443 1918 475 1956 18.
483 1926 499 1952 s.
527 1913 564 1951 Ille
582 1912 633 1950 hunc
647 1911 698 1962 regit
714 1917 733 1950 et
747 1913 802 1964 quasi
816 1913 912 1955 informat.

144 1962 222 2017 κόσμος
238 1971 267 2004 est
281 1966 374 2018 quiddam
389 1967 484 2016 exterius3
498 1963 559 2016 uicis,
573 1965 669 2006 subtilius.
700 1968 781 2018 Tempus
790 1967 861 2009 dieitur
874 1983 913 2010 non

145 2021 208 2061 solum
216 2020 303 2071 physice,
317 2021 352 2059 sed
366 2021 423 2060 etiam
437 2022 541 2069 moraliter,
556 2025 660 2060 connotata
673 2021 767 2072 qualitate
780 2022 879 2063 hominum
892 2026 913 2064 in

145 2088 167 2114 eo
179 2074 296 2114 viventium:
313 2080 331 2113 et
345 2075 373 2114 sic
386 2071 439 2115 ninii
453 2076 500 2115 dieit
510 2076 589 2128 longam
600 2081 709 2127 temporum
721 2077 796 2125 seriem,
810 2077 845 2116 nbi
859 2084 912 2119 aetas

144 2130 197 2169 mala
210 2129 282 2168 malem
295 2134 378 2168 aetatem
397 2130 474 2181 excipit.
498 2131 605 2174 contAct.
621 2135 652 2178 11,
668 2136 699 2173 16.
718 2131 790 2173 1Petr.
806 2138 823 2179 1,
839 2139 870 2177 18.
885 2157 913 2164 -

144 2180 201 2225 uacci
214 2179 252 2224 cdv
267 2180 366 2237 ἄρχοντα,
381 2186 484 2223 seeundum
493 2185 611 2237 principem)
626 2185 659 2224 Sic
670 2198 702 2224 res
711 2185 733 2223 fit
743 2187 858 2236 expressior.
879 2189 913 2228 Se-

144 2241 207 2278 culum
222 2237 307 2276 sentiunt
318 2249 394 2286 omues3
409 2238 461 2277 hunc
471 2239 580 2290 principem
591 2238 676 2287 subesse,
690 2252 729 2278 non
737 2240 854 2292 intelligunt.
869 2257 885 2282 c.
893 2250 911 2291 6,

144 2298 177 2335 11.
185 2306 201 2332 s.
216 2291 266 2331 conf.
280 2291 369 2339 Joh.12,
381 2298 413 2334 51.
428 2318 455 2324 -
468 2292 507 2341 τῆς
521 2292 603 2339 {testae
615 2292 641 2332 rei
656 2289 727 2346 οἷέρος,
737 2297 837 2345 potestatis
851 2299 912 2351 o'e'ris)

143 2348 200 2387 Haec
213 2350 300 2398 potestas
315 2352 345 2385 est
358 2346 399 2385 late
413 2347 483 2386 diffusa
498 2351 517 2385 et
529 2351 640 2398 penctrans.
656 2346 709 2385 Ceut.
726 2347 911 2405 Joh.1,15.seqq.

144 2401 186 2441 Sed
199 2405 265 2440 tamen
278 2399 329 2439 infra
347 2401 414 2440 orbem
430 2401 522 2441 fidelium.
541 2415 561 2439 v.
578 2407 597 2443 6·
613 2400 677 2443 iduh.
693 2405 711 2450 5,
727 2408 758 2446 18.
785 2403 833 2443 Vid.
851 2406 912 2447 Buxt.

143 2456 196 2496 Dict.
210 2455 267 2495 rabb.
282 2455 319 2493 col.
330 2459 389 2499 11195.
417 2452 459 2508 Ipsi
473 2456 532 2495 etiam
543 2455 600 2494 orbes
616 2456 709 2495 coelestes
723 2457 773 2497 varii
785 2463 835 2497 sunt.
858 2459 912 2501 Chri·

144 2515 186 2550 stus
200 2514 266 2548 tamen
281 2511 370 2560 superior
382 2514 411 2549 est
421 2511 499 2559 Satana,
514 2510 602 2562 qrramvis
615 2511 672 2548 etiam
683 2510 703 2549 in
713 2511 833 2565 ἐπαρανῖοις
847 2527 868 2553 se
880 2516 912 2556 hic

144 2569 216 2604 teneat.
231 2563 282 2615 Eph.
297 2568 316 2611 6,
331 2570 363 2607 12.
379 2586 406 2591 -
424 2566 450 2605 τέ
463 2559 593 2613 πνεύματος,
607 2563 694 2616 spiritus)
712 2565 748 2604 Est
766 2567 861 2618 appositio
876 2572 913 2618 τῆς

144 2616 234 2668 ἔξασῖας,
247 2619 273 2657 rei
287 2613 412 2668 πνεύματος.
438 2618 483 2656 Non
496 2618 529 2656 hic
540 2618 582 2669 ipse
594 2618 684 2669 princeps
694 2618 764 2658 dicitur
778 2622 862 2672 spiritus,
877 2625 913 2664 sed

143 2674 223 2724 spiritus
238 2672 300 2724 esth.
314 2672 327 2710 l.
342 2672 458 2724 principium
471 2671 521 2711 illud
535 2672 649 2720 internums
660 2685 685 2710 ex
699 2686 737 2725 quo
750 2674 813 2715 fluunt
827 2677 912 2719 actiones

143 2727 256 2775 infidelium,
271 2727 382 2779 oppositum
393 2726 472 2778 spiritui
485 2725 572 2765 fidelium
585 2726 667 2765 filiorum
675 2727 720 2766 Dei.
736 2729 785 2768 conf.
796 2730 844 2771 Luc.
852 2736 871 2780 1,
879 2740 911 2776 55.

143 2786 171 2815 -’“-
184 2780 231 2831 νῦν,
244 2782 303 2835 niune)
318 2782 429 2822 hodienum:
443 2781 476 2821 vel
484 2780 555 2833 potins,
569 2795 620 2820 rzunc
631 2783 720 2822 rrruxiure.
733 2797 778 2822 narn
790 2798 830 2824 non
843 2789 912 2836 adhuc,

144 2835 180 2877 sed
193 2849 245 2876 nureo
259 2836 312 2876 dicit.
327 2836 361 2890 qni
375 2836 499 2888 evangelium
512 2848 548 2887 per
557 2836 708 2877 incredulitatem
720 2845 819 2890 spernrmt,
834 2848 913 2882 manent

143 2890 241 2943 mancipia
250 2892 330 2943 spiritus
338 2891 397 2940 illius,
412 2896 431 2929 et
440 2891 524 2942 amplius
534 2890 640 2942 capiuntur.
658 2891 759 2944 Expressa
768 2893 853 2936 Satanae
860 2909 912 2936 men-

143 2946 171 2985 tio
184 2946 272 2997 inprimis
290 2947 346 2999 fitin
362 2945 492 2985 describendo
510 2949 562 2984 statu
579 2946 671 2997 gentium.
690 2947 736 2987 Act.
752 2954 783 2997 26,
798 2955 830 2993 18.
845 2973 873 2979 -
890 2951 913 2992 ἐν

144 3000 188 3046 τοῖς
201 3001 254 3048 υἱοῖς
267 3002 305 3050 τῆς
319 2998 444 3050 ἀπειθείας,
463 3001 484 3039 iu
495 3000 545 3053 filiis
561 3000 707 3054 incredulitatis)
724 3002 772 3054 Ipsa
789 3005 913 3046 incredulitas

145 3053 239 3094 adversus
254 3056 377 3108 evangelium
391 3054 481 3103 ostendit,
496 3060 555 3106 quam
566 3060 636 3106 potens
650 3055 675 3095 sit
688 3057 722 3096 ille
735 3057 820 3108 spiritus.
841 3060 912 3109 Affine,

144 3108 179 3150 dlii
192 3109 240 3151 irae.
253 3123 273 3150 v.
288 3117 306 3154 5.
334 3110 399 3164 Super
412 3111 506 3169 irptdeles,
520 3109 550 3150 ira
562 3114 633 3151 manet.
649 3109 696 3151 Joh.
710 3117 728 3160 5,
743 3117 776 3156 56.
