1922 3513
108 238 131 273 rs
393 233 450 269 nou.-
462 234 500 279 xr,
511 239 596 273 27—55.

163 341 182 367 v.
195 333 228 371 27.
244 326 305 381 αὕτη)
321 330 361 378 boc,
377 328 451 382 dequo
465 342 559 381 upracc.
574 350 602 360 —-
621 325 667 379 παρ’
678 323 729 376 apt,
744 338 757 363 α
770 322 810 377 mc)
831 324 877 376 Ipse
928 326 943 354 1

109 382 173 422 faciet.
188 405 216 412 —-
230 379 331 435 διαθήκη,
346 385 485 439 testamentum)
499 384 540 423 scil.
555 389 594 422 turn
608 381 655 429 crit,
667 385 707 419 turn
720 380 837 432 expedietur.
852 403 878 412 -
927 383 946 436 ’τ’-ξ,-

109 433 150 483 ric
162 433 276 492 ἁμαρτίας)
287 445 375 489 peccato,
390 443 410 478 et
424 445 476 478 ortas
490 439 536 477 inde
549 436 643 476 miserias.
937 438 946 488 ,3

164 507 183 532 v.
195 498 227 537 28.
242 491 323 546 gisoni)
342 494 418 537 tostos..
436 494 499 545 Igitur
513 490 617 532 obstinatio
631 488 753 529 Judaeorum
765 501 805 527 non
819 486 879 527 debet

110 547 195 599 allegari
205 548 226 586 in
237 548 378 599 praejudicium
389 547 521 589 conversionis
535 545 646 586 eorundem.
670 543 732 583 Porro
746 543 836 583 dicmrtur
847 543 879 582 bo·
936 548 947 562 ³

110 609 153 651 stes,
166 602 239 651 active3
254 616 305 651 mox,
317 603 384 652 dilecti,
397 603 486 656 passive:
501 604 612 658 (utrumque
622 599 762 652 respectuDei,
774 597 878 637 noumodo

76 708 78 710 v
112 656 291 710 respectnPauiiz)
304 658 377 697 malum
389 658 525 711 imputandum
538 656 622 705 homiui,
642 654 715 694 bonum
728 653 880 707 proficiscitura

112 713 160 751 Deo.
192 712 225 752 Sic
244 724 320 763 quoque
334 719 459 764 opponimtur
478 714 528 752 inter
550 725 570 751 se
589 709 722 749 misericordia
736 714 755 748 et
768 707 879 747 infidelitas.
930 710 950 760 3⁴ss

112 781 132 807 v.
148 772 181 810 50.
195 780 221 806 ss,
235 788 263 794 —
277 763 300 808 δι’
314 761 376 819 ὑμᾶς,
387 774 470 820 proptor
483 767 526 822 nos)
539 780 558 805 v.
573 772 605 810 51.
621 771 652 808 12Ι
668 770 700 809 15.

166 836 185 860 v.
200 827 232 865 29.
247 817 404 870 ἀμεταμέλητα,
419 835 500 873 picorum
513 835 552 861 non
562 820 656 873 pocriitol)
674 819 759 859 Axioma
772 830 819 857 vere
834 829 880 868 apo·
933 832 941 847 ·-

113 875 207 915 stolicum.
230 874 350 914 Absolutum
359 875 452 926 quiddam
465 876 594 927 significatur:
609 888 654 914 nam
664 874 720 912 Deus
728 886 768 912 non
782 873 802 911 in
811 884 881 925 perpe·

112 935 167 969 tuum
181 930 238 968 cedet
246 928 359 978 infidelitati
366 931 435 982 populi
444 931 480 969 sui.
502 929 612 970 Poenitndo
621 928 736 968 abscondita
745 933 775 967 est
786 927 810 966 ab
819 926 880 966 oculis

111 984 196 1023 Domini.
209 985 259 1023 Hos.
270 989 301 1032 15,
312 987 343 1027 11-
358 1011 384 1018 -
398 985 526 1040 χαρίσματα,
536 984 597 1039 donc)
608 983 754 1037 ergaJudacos.
765 1006 791 1013 -
800 981 881 1033 κλῆσις,

111 1039 194 1092 nucetio)
209 1052 257 1090 erga
270 1043 344 1090 gentes.
931 1073 952 1092 :a

166 1108 185 1132 v.
195 1098 228 1136 50.
243 1094 285 1146 uui)
300 1093 430 1142 Particulam,
445 1093 502 1132 obelo
516 1094 614 1146 quondam
629 1108 640 1133 a
653 1107 684 1132 me
698 1097 794 1140 notatam,
815 1089 882 1142 recepi
928 1124 932 1135 ,ἵ

113 1147 187 1187 dudum
196 1147 227 1201 1)
245 1153 268 1186 et
281 1161 332 1187 nunc
347 1148 382 1186 cei.
394 1149 544 1200 Buuncpurtenii
557 1162 652 1188 consensu
666 1148 759 1188 delector.
773 1167 801 1173 -
820 1142 881 1193 ἠπει-
930 1162 932 1199 j

112 1198 206 1252 θήσατε,
220 1201 400 1255 incredulifnistis)
419 1204 548 1243 bicrcdulitos
562 1203 614 1243 cadit
627 1203 684 1242 etiam
698 1203 719 1242 in
733 1215 776 1250 eos,
798 1200 831 1252 qui
844 1197 883 1250 ipsi
951 1214 955 1222 ι

112 1269 151 1295 non
166 1257 258 1296 audivere
273 1257 355 1297 verbum
368 1257 418 1307 Dei,
440 1259 486 1309 quia
504 1263 569 1297 tamen
586 1258 674 1311 primitus
688 1258 710 1297 id
722 1257 743 1297 in
756 1253 882 1302 Patriarchis,

113 1311 202 1361 Adamo,
216 1312 306 1360 Noacho,
322 1317 453 1364 susceperant.

167 1381 187 1407 v.
197 1373 229 1411 51.
243 1364 371 1416 ἠπείθησαν,
381 1366 570 1420 incredulifucrnnt)
584 1366 647 1406 relicti
656 1371 701 1405 suut
710 1364 821 1404 infidelitati
829 1377 852 1402 su

113 1442 142 1448 -—
151 1423 179 1474 τῷ
190 1417 286 1474 ὑμετέρῳ,
294 1420 368 1473 oestro)
380 1420 482 1460 Genitivus
493 1421 570 1472 objecti,
580 1422 608 1460 uti
620 1417 647 1460 roi
657 1418 702 1468 s'lc'n
713 1420 778 1460 david.
793 1418 882 1461 2Ghron.

114 1477 178 1524 ata.
192 1482 234 1532 'plat'
249 1474 342 1528 11112115.
357 1480 402 1523 106,
416 1479 434 1518 1-
452 1498 480 1504 —
501 1475 562 1523 ἐλέει,
583 1474 723 1526 niisericordiu)
744 1472 820 1513 Consti.
840 1485 883 1511 cum

114 1527 226 1578 ἑλεηθιὸσι,
240 1529 390 1568 irrisericordiunt
404 1536 562 1581 consequerentur
566 1545 573 1577 ,·
586 1543 632 1568 nam
645 1532 689 1578 irc,
703 1535 732 1577 cit,
748 1541 806 1580 saepe
821 1532 883 1566 baris-

114 1584 202 1634 ponitur:
213 1628 217 1631 7
228 1587 247 1620 et
260 1595 320 1621 vorsu
332 1588 365 1625 50.
393 1584 516 1623 incredulitas
530 1583 650 1623 Judaeorum
664 1582 765 1634 praecedit
779 1583 883 1621 inisericor-

113 1637 167 1677 dicnn
181 1636 277 1688 gentium:
292 1650 353 1689 quare
367 1651 426 1677 versu
440 1645 472 1681 31.
486 1636 617 1678 misericordia
631 1638 718 1690 gentium
730 1651 770 1676 uon
783 1635 884 1690 praeeedit
942 1633 957 1677 t

113 1692 265 1732 incredulitatem
276 1690 397 1731 Judaeorum
406 1693 493 1732 eandem.
514 1693 561 1732 Vid.
569 1694 622 1744 App.
633 1693 674 1732 crit.
685 1693 723 1731 Ed.
733 1693 760 1731 11.
769 1692 823 1731 adh.
834 1692 848 1729 1.
857 1714 884 1721 -

113 1746 228 1794 ἐλεηθῶσι,
247 1746 397 1785 inisericordiam
412 1748 579 1800 consequerentur)
593 1747 745 1785 misericordiam
761 1759 813 1795 eam,
833 1757 883 1797 quae
950 1779 961 1797 ›.

113 1799 171 1838 fidem
185 1799 289 1847 antecedit,
304 1801 386 1840 necnisi
394 1815 431 1853 per
441 1802 505 1850 fidem,
520 1815 559 1854 qua
570 1806 687 1841 retractatur
702 1799 809 1850 ductent,
823 1801 884 1839 incre-
938 1816 948 1853 j

113 1855 196 1901 delitus,
211 1855 323 1906 agnoscitur
338 1860 357 1894 ct
371 1856 472 1908 accipitur.
952 1853 957 1860 ’

118 1944 120 1947 .
168 1922 187 1946 v.
199 1914 231 1950 52.
247 1908 371 1960 συνέκλεισε)
382 1910 440 1949 simul
447 1910 542 1957 conclusit,
557 1909 644 1948 Judaeos
659 1915 678 1948 et
688 1914 762 1960 gentes.
778 1907 828 1948 conf.
838 1906 883 1947 Gal.
943 1901 959 1957 ’ξ

114 1968 133 2009 5,
142 1968 174 2004 22.
182 1967 221 2000 not.
242 1961 322 2001 Phrasis
331 1963 394 2002 LXX
400 1964 438 2003 Int.
447 1965 475 2010 sic
485 1960 583 2004 θάνατον
594 1961 717 2004 συνέκλεισε.
731 1964 765 2002 Ps.
776 1967 808 2011 78,
815 1967 848 2005 50.
856 1984 884 1990 -·
955 1961 960 1977 ⁵

114 2017 143 2062 εἰς
157 2012 283 2065 tualeam,
302 2018 323 2056 in
337 2018 497 2072 incredulitatem)
510 2018 561 2070 Eph.
571 2025 588 2067 2,
599 2025 617 2061 2-
639 2017 677 2067 Qui
691 2018 731 2058 vim
745 2019 859 2058 incredudtc
942 2045 961 2070 3,

114 2071 191 2122 experti
200 2075 250 2118 sunt,
264 2071 342 2111 tandem
354 2073 421 2124 purius
433 2086 455 2113 se
467 2073 493 2112 ad
503 2073 562 2112 fidem
572 2073 675 2125 recipiunt.
689 2096 717 2102 —-
731 2073 773 2125 ἵνα)
787 2078 814 2111 ut.
842 2072 884 2111 Res

113 2125 163 2178 ipsa.
173 2125 272 2165 efficietur.
287 2148 314 2154 —
335 2123 372 2173 ulo
384 2122 475 2180 ridicae)
489 2128 597 2177 universos,
613 2133 699 2168 cunctos.
714 2127 763 2168 coni.
778 2142 797 2167 v.
808 2133 840 2170 50.
852 2133 884 2170 51.
953 2123 961 2147 ³

113 2190 142 2210 —'-
151 2176 231 2237 c'lsn'op,
245 2182 375 2234 ruiscrcrctur)
388 2181 524 2221 Misericordia
537 2182 586 2234 Ejus
601 2183 676 2222 abillis
689 2184 761 2234 agnita,
775 2197 795 2222 v.
803 2188 831 2225 e:
846 2182 885 2220 fide

115 2235 143 2274 eis
157 2235 244 2286 abipso
255 2235 337 2300 ³eleuata.
645 2266 648 2271 ,

118 2327 120 2330 ⁴
169 2296 231 2332 v-55.
247 2306 263 2330 ω
278 2293 361 2343 pindos,
381 2304 392 2329 o
404 2291 539 2344 proficriditus)
553 2290 627 2330 Paulus
643 2296 714 2343 cape.
730 2291 788 2342 quasi
802 2290 822 2329 in
835 2290 885 2329 ficto

113 2344 227 2397 travigara13
242 2358 298 2393 nune,
308 2344 328 2383 in
338 2358 417 2385 oceano.
428 2347 556 2397 profanatus
567 2345 678 2385 clioitiorunt
689 2345 805 2386 describitur
818 2360 837 2385 v.
846 2351 885 2394 55,
942 2336 960 2384 *²³ss

114 2405 134 2439 et
146 2401 226 2452 respicit
238 2400 264 2439 ad
276 2414 292 2440 c.
301 2406 320 2447 9,
330 2402 362 2443 25.
374 2406 405 2449 10,
416 2407 447 2443 12.
461 2402 529 2455 [quare
538 2414 577 2439 nou
587 2400 645 2439 debet
655 2401 675 2439 iu
684 2400 784 2452 epitheton
792 2401 866 2439 resolvi
871 2400 884 2451 ι)

110 2456 239 2507 profunditus
252 2455 369 2507 supientiae,
383 2469 402 2494 v.
413 2459 456 2499 51:
468 2456 596 2507 profunditas
610 2456 730 2508 copnitionis,
744 2469 764 2494 v.
777 2458 809 2498 51.
830 2454 884 2494 Gonf.

115 2509 141 2547 de
155 2509 227 2548 divitiis
242 2514 261 2547 et
275 2510 381 2560 sapientia,
395 2511 446 2562 Eph.
459 2517 478 2558 5,
489 2515 509 2553 8.
522 2515 562 2549 not.
578 2515 597 2549 et
610 2511 649 2563 Ap.
661 2515 680 2559 5,
695 2516 728 2553 12.
750 2510 828 2562 Dignac
841 2514 886 2549 sunt
959 2507 961 2510 ’

114 2563 221 2603 observatu
233 2566 251 2600 et
267 2563 350 2602 coilectu
363 2563 482 2615 differentiae
495 2578 566 2604 vocum
578 2564 700 2605 biblicarum.
725 2565 827 2617 Sapientia
841 2564 886 2603 diri·
947 2560 949 2563 ⁴

115 2618 144 2672 git
158 2618 222 2659 omnia
236 2616 331 2657 adfinem
345 2619 447 2670 optimum:
469 2621 549 2672 copnitio
561 2621 616 2660 novit
630 2621 688 2664 finem
702 2620 758 2659 iilum
772 2626 791 2660 et
805 2620 885 2660 exitum.

113 2697 142 2705 ›-
153 2670 188 2723 oic,
203 2672 271 2727 parurn)
285 2672 347 2712 Nemo
359 2679 461 2722 serrantur,
475 2687 531 2714 nemo
543 2676 676 2728 pervestigat,
690 2676 728 2714 nisi
741 2675 794 2727 Ipse.
815 2675 854 2714 Hic
867 2678 886 2713 et

114 2743 133 2772 v.
142 2733 174 2773 51.
184 2742 199 2767 s.
214 2733 244 2768 est
259 2728 362 2777 chiasmus,
378 2728 421 2767 coll.
434 2729 522 2768 anteced.
538 2735 558 2768 et
570 2743 648 2783 conseq.
670 2731 800 2779 Prffurrditos
814 2729 886 2769 descri-

114 2784 167 2824 bitur
178 2784 240 2823 aitera
253 2788 310 2835 parte
324 2795 393 2822 versus
405 2789 436 2826 55.
458 2783 543 2836 Coqnitio
556 2784 605 2835 ipsa,
619 2791 641 2824 ut
654 2784 744 2833 diximus,
757 2799 776 2823 v.
790 2786 829 2834 51,
843 2785 887 2836 quis

114 2839 165 2880 enirn
176 2854 214 2878 —.·
233 2839 330 2889 sapientie
340 2837 385 2889 ipsa
396 2844 430 2876 urit
443 2839 485 2888 quis
496 2853 535 2876 -:
552 2839 629 2878 divitiae
643 2838 708 2890 ipsae,
726 2853 746 2878 v.
760 2843 793 2882 55.
814 2865 839 2872 -
858 2833 887 2879 zoi

114 2893 218 2947 κρίματα,
233 2892 319 2946 judicic)
340 2893 392 2932 circa
405 2892 499 2931 infideles.
513 2914 541 2920 -
562 2894 584 2933 αἱ
601 2888 659 2942 inat,
679 2893 731 2947 ciac)
747 2893 799 2933 circa
811 2893 886 2932 fideles.

115 2947 215 2987 Gradatio.
229 2947 280 2987 Viae
292 2953 337 2987 sunt
349 2947 405 2999 quasi
416 2946 436 2985 in
444 2947 513 2999 pinum
527 2945 607 3000 judicia,
616 2946 747 3000 profundiora.
757 2961 782 2988 ne
793 2948 836 2988 vias
845 2947 886 3001 qui·

115 3003 161 3043 dem
175 3003 340 3055 pervestigamus.

143 3124 161 3174 1)
176 3123 268 3173 Cornpirot
279 3122 329 3160 Vers.
342 3134 398 3172 germ.
422 3121 476 3160 1111.
