1922 3513
335 224 391 261 ROM.
401 225 448 269 XVI,
460 229 543 264 19—25.
800 226 823 263 99

53 319 92 368 tia,
106 331 145 358 non
158 318 217 358 modo
229 318 280 359 fama
295 320 347 372 ejus,
366 321 455 373 pervenit
469 321 495 359 ad
509 332 586 367 omncs,
605 318 640 357 nbi
653 331 688 371 per
702 318 825 371 frequentem

54 378 181 414 commeatum
194 373 262 413 fideles
277 386 302 414 ex
310 375 403 414 Romanis
418 376 476 414 etiam
490 374 516 413 ad
530 374 569 412 alia
576 374 621 412 loca
630 380 731 422 venerunt,
747 379 767 413 ct
779 373 824 426 ipsa

54 441 120 468 eorum
134 428 245 468 obedientia
259 442 324 469 coram
338 431 442 469 observata
450 428 493 468 tuit.
521 427 605 467 Exsistit
613 427 724 476 hocmodo,
738 433 760 466 ut
771 427 825 480 apud

53 482 115 523 malos
129 483 186 533 mala,
202 483 230 523 sic
244 484 297 536 apud
310 484 372 524 bonos
385 484 438 523 bona
451 481 535 530 infectio,
550 481 635 521 inbono
649 494 713 521 sensu.
727 503 755 509 -
769 478 825 523 ποίο-

54 536 100 590 tae)
115 551 184 587 omnes,
199 551 236 577 vos
249 538 283 577 vel
297 539 355 578 etiam
370 539 423 578 alios.
437 560 466 566 ——
481 533 576 588 ἄφίκετο)
590 536 714 588 Hesychius:
731 533 826 587 ἄφίκετο,

53 593 183 645 παρεγένετο.
198 617 224 623 -
238 589 263 633 vd
277 590 308 645 ἔφ’
323 589 378 643 ὑμῖν,
394 593 446 644 quod
458 593 486 630 ad
498 605 532 631 uos
542 590 616 644 attinet)
630 593 651 630 in
664 590 786 644 oppositione
800 589 827 629 ad

53 647 171 695 turbatores,
187 647 221 698 qui
235 660 301 686 curam
314 647 402 694 afferunt,
416 659 457 685 uon
466 644 565 697 gaudium.
579 667 608 695 ··,·
621 645 676 687 θέλω
692 645 721 694 δὲ,
736 646 779 684 οοῖο
791 658 826 684 aa·

54 701 98 754 tem)
112 701 238 740 Antitheton:
255 700 367 740 obedientia
381 699 461 752 quidem
475 705 495 739 et
509 696 595 749 οἷκοκία,
610 704 632 739 ut
644 704 726 749 constet,
741 712 780 738 non
793 699 826 739 dc-

53 756 93 795 ficit
106 768 152 805 vos3
168 755 204 795 sed
217 755 311 795 accedere
323 755 382 795 debet
392 754 489 793 discretio.
503 776 531 782 -
545 750 619 805 eopse,
634 753 739 807 sapientes)
753 753 827 793 eontra

54 816 113 861 atque
126 810 161 858 illi,
177 810 201 849 dc
216 810 286 862 quibus
299 808 368 858 Jeme,
377 815 409 852 22.
425 808 489 861 σοφοί
501 812 543 850 εἰσι
557 808 584 849 τῦ
597 809 750 860 κακοποιῆσαι,
764 804 790 850 aa*
804 807 826 850 δὲ

54 863 122 910 καλῶς
135 863 225 914 ποιῆσαι
240 861 265 906 ἐκ
280 862 405 918 ἐπέγνωσαν.
419 886 446 893 -—
461 860 567 918 α’κοραίος)
583 862 604 902 Si
614 862 662 914 quid
674 864 721 903 mali
731 876 752 906 se
764 862 825 910 offert,

55 919 143 958 dicitotc:
159 918 196 957 hcc
205 932 217 958 a
225 932 256 958 me
268 918 352 957 alienum
362 917 419 957 duco.
437 914 535 972 οἷκὲραιος
544 917 582 956 hoc
593 917 636 957 loco
648 918 726 969 passive
738 918 826 957 sumitur.

107 986 126 1011 v.
135 978 167 1015 20.
183 972 211 1022 δὲ,
226 972 280 1027 uero)
294 973 332 1011 Dei
342 973 403 1012 virtus
414 972 478 1020 faciet,
492 984 531 1010 non
544 972 649 1024 prudentia
659 978 732 1012 vestra.
746 994 774 1000 -
789 974 827 1022 τῆς

54 1023 143 1079 εἰρήνης,
156 1027 220 1081 pacis)
235 1027 360 1067 Antithetou:
376 1027 480 1067 seditiones.
496 1041 516 1065 v.
525 1032 557 1069 17.
573 1027 619 1066 Vid.
635 1027 699 1071 lOcr.
707 1031 740 1076 11,
751 1033 783 1071 55.
798 1048 827 1055 -

55 1081 174 1145 carreiam)
189 1081 295 1121 Futurum:
311 1088 392 1121 conteret
403 1081 501 1130 satanam,
517 1095 576 1133 quum
590 1082 691 1135 apostolos
704 1084 746 1134 ejus
761 1085 826 1121 conte-

54 1139 90 1174 ret.
105 1156 133 1162 -
146 1150 183 1176 τοι
198 1136 301 1185 octavae,
317 1136 422 1190 Serranam)
435 1136 498 1174 litium
508 1141 597 1175 satorem.
626 1132 692 1176 Semel
705 1137 725 1176 in
734 1142 776 1176 tcta
788 1136 827 1175 hac

55 1189 138 1241 epistola
146 1190 222 1231 hostem
230 1190 327 1229 nominat:
339 1182 363 1229 ⁸et
376 1192 397 1229 in
408 1190 496 1229 omnibus
512 1190 598 1243 epistolis
608 1190 701 1230 Satanam
709 1192 777 1230 novies
787 1188 827 1229 om-

54 1245 100 1282 nino
115 1244 212 1296 appellat:
233 1244 332 1284 diabolum
350 1245 420 1284 sexies.
448 1244 524 1296 Nempe
535 1244 642 1297 =Scriptura
654 1245 728 1284 directe
746 1246 770 1284 de
783 1245 827 1283 Dec

56 1304 75 1337 et
83 1298 160 1337 Christo
174 1300 226 1350 agit3
241 1299 335 1339 indirecte
350 1300 374 1338 de
385 1299 457 1339 Satana
472 1304 491 1338 et
503 1299 622 1338 antichristo.
636 1321 664 1327 -
678 1295 722 1340 tuo*
736 1295 773 1344 trie
787 1294 828 1340 πό·
876 1310 886 1315 “

56 1354 100 1402 δας,
114 1353 148 1391 ead
159 1352 229 1407 pedes)
242 1354 361 1406 Eph.fi,15.
389 1353 475 1404 Quaevis
489 1353 572 1392 victoria
585 1353 640 1402 fidei,
654 1367 727 1392 novum
741 1352 829 1392 dolorem

56 1405 111 1445 affert
123 1406 213 1447 Satanae.
228 1407 256 1436 '-
270 1408 292 1448 ἐν
307 1405 375 1462 τοῖχοι)
389 1409 479 1455 celeriter,
495 1407 548 1459 quod
560 1407 586 1447 ad
594 1408 651 1447 initia
658 1407 771 1447 conterendi
783 1421 828 1461 per·

55 1461 108 1509 tinet,
123 1462 143 1500 in
152 1462 240 1513 periculo
255 1462 324 1502 subito.
339 1484 367 1490 —
381 1459 447 1515 ἀμήν)
461 1462 559 1500 Voculam
573 1463 623 1501 hanc
637 1463 688 1501 votis
701 1463 791 1514 adjecere
805 1463 828 1501 li-

54 1514 115 1554 brarii
128 1529 233 1569 persaepe,
249 1530 360 1569 quanquam
373 1518 392 1555 h.
406 1517 420 1554 l.
434 1516 475 1555 fere
489 1529 556 1555 omnes
571 1530 594 1555 ea
609 1522 681 1556 carent.
710 1516 786 1556 Tuetur
799 1522 827 1556 ta-

54 1582 99 1608 men
112 1571 282 1623 Baumparteaias.

108 1638 128 1664 r.
137 1630 169 1668 21.
185 1622 293 1680 ουνοργός,
314 1623 446 1678 cooperarius)
465 1623 505 1663 Hic
518 1624 596 1676 ponitur
610 1630 655 1665 ante
669 1631 767 1679 copaatcs,
788 1639 827 1665 non

55 1683 121 1717 tamen
134 1680 212 1731 ponitur
226 1694 242 1719 c.
252 1685 295 1728 11,1.
311 1679 357 1731 quia
370 1692 409 1718 non
422 1678 486 1718 fuerat
498 1678 579 1718 Romae.

108 1747 127 1772 v.
136 1740 168 1776 22.
184 1730 319 1785 ἀσπάζομαι,
334 1733 404 1785 salvete)
419 1733 463 1771 Hoc
475 1732 533 1771 Pauli
546 1734 579 1772 vel
592 1733 670 1773 hortatu
683 1733 717 1772 vel
732 1747 826 1773 concessu

40 1818 42 1820 .
54 1785 106 1825 facili
115 1788 231 1839 interposuit
240 1788 324 1826 Tertius.
343 1787 417 1826 Paulus
426 1787 515 1826 dictavit:
530 1800 555 1825 ex
565 1800 603 1839 quo
612 1793 672 1839 patet,
685 1801 744 1839 quam
753 1789 826 1840 promti

54 1839 126 1881 fuerint
140 1842 223 1894 apostoli
236 1842 256 1881 in
269 1841 324 1881 libris
339 1842 379 1880 suis
392 1841 501 1889 fundendis,
517 1842 558 1880 sine
573 1842 716 1881 commentandi
729 1843 824 1881 molestia

53 1917 81 1923 —
100 1895 190 1952 ιέροιος,
212 1896 297 1949 Tertiae)
315 1895 392 1943 Nomen
408 1895 523 1935 Romanum.
551 1896 653 1936 Librarius
671 1896 765 1936 Romanis
784 1897 825 1936 sine

54 1949 114 1988 dubio
132 1955 195 1989 nctus.
214 1974 242 1979 —
261 1951 293 2000 ἐν,
313 1949 341 2002 ia)
361 1949 435 1989 Constr.
456 1963 499 1989 cum
518 1951 552 2002 qai
565 1952 640 2003 scripsi.
668 1951 767 2004 Implicita
780 1951 827 1991 fidei

54 2004 156 2043 confessio.
753 2010 757 2014 ”

107 2072 126 2097 v.
135 2064 166 2101 25.
182 2053 253 2111 γοῖἴος,
274 2056 342 2111 Casas)
356 2057 473 2098 Corinthius.
489 2058 554 2102 lCor.
565 2064 583 2109 1,
594 2062 626 2103 11.
640 2083 668 2089 —-
682 2058 741 2109 ὅλης,
760 2060 824 2114 totius)

53 2110 103 2150 Nam
116 2113 209 2164 permulti
223 2111 304 2150 adibant
316 2112 406 2152 Paulum.
420 2135 448 2140 -
463 2107 474 2155 ὁ
489 2112 606 2165 οἰκονόμος,
620 2114 740 2167 oeconomus)
754 2114 826 2154 Roma-

52 2165 82 2203 nis
96 2178 133 2205 nen
147 2166 211 2219 potuit
224 2179 263 2204 non
276 2166 329 2205 laeta.
342 2180 385 2206 esse
399 2167 447 2206 fides
462 2167 576 2220 amplissimi
589 2169 631 2208 viri.
645 2192 674 2198 -
687 2168 726 2219 τῆς
739 2164 826 2219 πόλεως,

53 2219 114 2274 erbis)
129 2221 170 2259 sine
185 2220 244 2259 dubio
258 2220 353 2260 Corinthi.

106 2288 126 2313 v.
134 2278 166 2319 21.
181 2272 193 2325 r]
208 2272 271 2330 χοῖρος
283 2298 308 2305 -
318 2273 385 2329 ἡμῶν)
400 2276 445 2315 Non
458 2275 551 2328 legebant
560 2275 695 2317 Alexandrini.
710 2301 739 2307 -
753 2271 825 2330 ἁμήν.)

52 2327 84 2366 De
97 2329 135 2369 hae
149 2329 246 2382 particula
260 2330 317 2368 modo
332 2330 413 2382 egimus.
685 2331 687 2336 ’

85 2425 87 2428 ⁴
107 2398 125 2424 v.
134 2391 166 2428 25.
181 2384 212 2438 aqi
227 2385 254 2433 δὲ,
269 2384 287 2423 a'
295 2386 349 2438 aero)
363 2384 476 2435 Doxologia
486 2384 564 2433 claudit,
579 2385 608 2423 uti
617 2386 753 2425 tractationem
767 2399 783 2424 c.
792 2390 824 2435 11,

53 2442 85 2480 56.
100 2439 129 2478 sic
140 2441 182 2491 jam
191 2444 252 2478 totam
262 2440 369 2491 epistolam.
385 2440 413 2479 sic
428 2439 499 2482 2Pctr.
507 2444 526 2487 5,
534 2444 568 2482 l8-
581 2438 628 2478 Jud.
642 2453 662 2479 v.
670 2444 702 2484 25.
730 2440 825 2480 Extrema

53 2490 110 2543 hujus
125 2494 219 2546 epistolae
233 2493 294 2533 verba
307 2494 366 2545 plane
379 2493 500 2546 respondent
511 2493 587 2545 primis:
602 2499 723 2543 ο.1,1-5.
737 2508 825 2547 praeser—
863 2531 866 2536 .

53 2547 88 2585 tim
101 2548 127 2587 de
139 2549 230 2602 Potentia
241 2548 286 2596 Dei,
300 2548 415 2600 Evangelio,
427 2548 476 2588 Jesu
488 2547 571 2596 Christe,
587 2547 699 2615 Scripturis,
714 2549 826 2590 ohedientia

52 2600 107 2651 fidei,
125 2604 216 2655 gentibus
233 2603 328 2642 onmibus.
343 2625 371 2632 -
385 2602 491 2656 δυναμένῳ
505 2628 533 2635 -
547 2600 603 2644 aare?
617 2620 640 2645 το
657 2599 777 2658 εὐαγγέλιόν
789 2620 825 2655 μιν,

53 2656 87 2706 peri
100 2665 164 2708 potest
177 2681 204 2687 -
217 2660 321 2697 securatam
335 2658 453 2710 euaapeliaaa
472 2657 543 2712 raetica)
561 2657 652 2697 Potentia
665 2658 703 2697 Dei
721 2663 774 2697 certa
789 2663 824 2698 est.

54 2723 70 2748 θ·
78 2715 96 2759 1,
105 2718 137 2756 le.
151 2714 196 2754 Act.
205 2718 237 2762 20,
245 2717 323 2756 sanct.
331 2709 428 2764 -ὑμιῖς,
437 2712 480 2766 aas)
491 2712 579 2753 Judaeos
588 2718 607 2752 et
616 2717 689 2764 gentes.
697 2734 724 2741 -
732 2712 825 2768 ςηρίξαι)

52 2762 108 2826 idem
117 2769 199 2808 verbum
213 2773 295 2816 ο.1,11.
306 2791 334 2796 -
348 2763 496 2821 ἀποκάλυψιν)
507 2767 563 2807 idem
571 2767 658 2815 verbum,
673 2772 757 2815 ο.1,17.
769 2763 826 2809 nard

53 2817 192 2875 οποιιοέλοψιν
207 2822 357 2861 construendum
371 2835 414 2861 cnm
428 2818 550 2874 εὐαγγέλιόν
563 2836 609 2872 μου.
623 2844 649 2851 ·-
663 2821 766 2876 μοςνριό,
785 2835 825 2873 azy-

52 2874 113 2927 eterir)
128 2876 152 2915 de
167 2876 260 2929 gentibus
274 2877 422 2929 concorporatis.
436 2876 568 2928 Eph.5,5.fi.
582 2898 610 2904 -
623 2872 708 2928 χρόνοις
723 2875 825 2924 αἰωνίοις,

53 2930 167 2979 temporibus
181 2932 272 2986 aeternis)
292 2946 317 2971 ex
336 2944 374 2984 quc
392 2944 430 2970 non
449 2931 507 2969 modo
521 2930 617 2977 homines,
636 2929 672 2968 sed
686 2929 744 2968 ctiam
758 2930 818 2981 angel

54 2983 126 3023 conditi
144 2991 198 3035 sunt,
219 2986 290 3038 quibus
307 2987 395 3039 utrisque
412 2986 526 3037 mysterium
543 2984 597 3024 initio
615 2983 678 3022 fuerat
691 2983 824 3035 incognitum.

52 3033 198 3087 Eph.5‚9.10‚
225 3040 323 3081 Notantm·
337 3047 429 3093 tempora,
443 3039 505 3092 primo
520 3040 549 3078 sui
559 3038 613 3077 initio
622 3038 753 3078 aeternitatem
768 3040 826 3092 quasi

53 3094 153 3143 praeviam
167 3096 291 3151 atthrgentim
306 3102 325 3138 et
339 3097 357 3138 ei
371 3095 428 3152 quasi
441 3095 538 3147 immmta5
552 3105 591 3135 nou
605 3092 649 3148 ipsa
663 3094 778 3147 aeternitas,
793 3108 825 3137 cu-

636 3145 683 3191 Gt
