1922 3513
128 230 165 264 268
418 225 471 260 ΕΡΗ.
483 223 514 268 ΙΠ,
527 226 611 262 to-18·
675 234 683 240 “

129 321 208 373 alioque
221 320 285 361 modo.
300 344 328 351 —-
342 316 386 371 ὃιοῖ,
397 320 443 373 per]
459 332 485 358 ex
497 318 531 367 iis,
547 331 597 371 quae
611 316 715 369 obtingunt
728 315 828 355 ecclesiae.
848 315 898 355 haec
958 349 959 352 ,

129 376 180 415 enim
194 388 276 428 operum
287 376 394 416 divinorum
405 377 502 415 theatrum
511 378 546 413 est.
562 373 610 413 conf.
626 371 687 416 tssor.
696 374 714 420 4,
722 376 741 415 9.
756 392 784 398 -
797 369 898 412 πολυποί-
955 414 956 425 ,

129 430 194 483 κιλος)
214 429 258 483 Syr.
270 433 331 483 plena
345 431 464 470 varietatum.
478 451 505 456 —-
524 428 599 480 eopia,
618 425 723 481 sapientia)
742 425 798 465 Circa
811 425 849 464 hoc
864 424 897 464 ob·

127 485 202 537 Jectum
216 485 303 538 inprimis
318 491 420 525 versantur
434 484 505 535 augeli.

185 545 246 591 0.11.
260 535 365 594 πρόθεσιν
379 541 421 580 τοῖν
435 534 524 590 αἰώνων)
535 537 658 589 propositam
670 538 786 584 seculorum,
805 534 829 574 de
844 545 898 573 secu-

130 594 160 643 lis,
176 600 220 634 ante
229 596 301 633 secula.
316 594 385 636 2Tim.
393 599 411 641 1,
419 598 438 635 9.
452 615 480 621 -
494 589 527 640 iii,
543 591 602 645 qnod)
613 591 656 630 Ref.
667 590 692 630 ad
703 587 814 645 πρόθεσιν,
825 602 898 641 propo-

130 650 192 688 sition.
207 669 234 676 —-
247 642 313 699 ἡμῶν,
329 647 403 700 nostro)
417 647 511 693 fidelium,
526 646 618 697 quisunt
632 646 715 685 ecclesio.
889 666 890 669 =

185 716 204 741 v.
213 708 244 744 12.
260 697 297 750 τήν
308 700 435 753 παρ’ρησιάν,
450 699 562 752 libertatem)
572 701 616 747 onis,
631 699 651 738 in
660 698 738 738 orando.
748 722 772 730 -
785 691 823 747 enin
832 710 899 750 προσ-

131 752 214 809 αγωγήν
229 755 251 795 ἒν
265 755 399 801 πεποιθήσει,
415 754 548 792 admissionem
561 754 582 792 in
589 754 675 806 fidncia)
689 754 710 792 in
723 765 744 790 ue
760 755 779 790 et
794 750 858 790 corde.

183 814 242 851 1015.
258 806 353 858 αἰτὸμαι)
363 820 416 858 repo,
430 807 500 846 Deum.
518 806 566 845 conf.
578 813 678 850 1021112-
701 807 740 855 Sic,
754 812 849 858 repentes,
866 804 899 843 ab·

130 862 198 910 solute,
213 861 256 900 nol.
265 867 283 909 1,
291 866 309 903 9.
324 887 350 893 -—
364 859 394 912 ,etti
407 860 507 909 ἐνκακεῖν,
522 874 561 900 non
574 860 691 913 eepneseere)
705 874 730 899 ne
740 860 808 900 vitium
818 859 899 912 capiam,

130 916 166 955 sed
178 921 201 955 ut
215 921 292 956 strenue
306 915 376 966 loquar
390 919 409 953 et
419 915 490 953 multos
502 915 591 954 alliciam.
618 915 728 954 infinitivus
738 915 825 966 ejusdem
833 926 899 965 perso-

129 982 172 1018 nae,
188 983 211 1010 ao
225 970 307 1010 verbum
320 968 395 1007 finitum
407 983 460 1022 nepo.
474 993 502 1001 -
516 969 606 1021 θλῖψεσί
618 985 646 1021 pa
661 967 713 1021 ὑπὲρ
727 965 799 1019 ὑμῶν,
814 969 899 1017 afflictio-

129 1025 185 1064 nibus
202 1025 248 1064 nzeis
261 1038 300 1076 pne
318 1024 379 1077 cotis)
396 1037 416 1062 v.
427 1030 445 1066 1.
465 1047 491 1054 -
511 1019 567 1077 δόξα)
585 1025 649 1076 pieria
667 1023 784 1075 spiritualis3
804 1028 899 1075 quatenus

130 1078 179 1118 fides
193 1084 260 1118 vestra
274 1078 384 1130 adjuvatur.
401 1076 549 1132 11001410.)

183 1147 203 1172 u.
213 1137 244 1177 14.
260 1130 349 1183 κάμπτω
364 1126 392 1172 tei
406 1128 487 1186 picaeni
500 1147 540 1184 pa,
552 1132 610 1182 flecto
622 1144 687 1183 penaio
700 1130 752 1185 ntea)
772 1130 794 1170 Si
806 1142 900 1183 praesens

131 1186 225 1227 adfuisset
235 1187 316 1235 Paulus,
332 1199 396 1239 genua
409 1186 501 1235 flexisset,
517 1185 655 1225 exardescente
669 1192 755 1239 pectore.
770 1186 814 1225 Act.
825 1190 857 1234 20,
867 1190 899 1228 56.

130 1266 157 1272 -
172 1240 261 1296 natabit)
276 1240 415 1292 Conjugatrnn,
430 1236 517 1293 πατριιί.

139 1316 142 1321 v
184 1310 204 1334 v.
213 1301 245 1339 15,
260 1295 280 1343 ε”ξ
293 1292 315 1347 εἷ)
330 1310 355 1334 en
368 1310 411 1347 qno,
426 1295 467 1334 scil.
479 1295 538 1333 Patre
547 1294 563 1333 I.
574 1294 595 1333 Ο.
606 1294 763 1334 Fundamentum
777 1293 839 1332 omnis
852 1292 900 1331 filia-

131 1349 189 1389 tionis
204 1355 233 1389 est
246 1349 267 1388 in
277 1349 327 1389 Jesu
339 1349 423 1389 Christo.
438 1372 464 1380 -
478 1347 546 1400 πᾶσα)
561 1349 627 1397 ονιιιιιῗο,
642 1349 760 1400 angelorum,
774 1347 900 1395 Judaeorum,

131 1404 230 1443 hominum
240 1409 389 1443 0010001010.-
400 1399 490 1456 nnzpioi)
498 1403 586 1451 familia,
602 1415 627 1441 ex
635 1403 683 1453 ipso,
697 1406 719 1441 ut
730 1406 792 1454 patre,
806 1401 900 1454 pendens.

132 1459 181 1498 conf.
194 1455 283 1509 πατοιοῖ,
296 1458 344 1497 Luc.
353 1461 398 1507 2,1.
410 1456 456 1496 Aet.
464 1462 482 1504 5,
491 1460 523 1499 25.
537 1480 563 1487 —-
578 1454 711 1508 ὀνομάζεται,
724 1456 844 1509 nominatim)
852 1455 901 1495 Pas-

132 1513 201 1560 sivum,
216 1512 249 1550 vel
262 1512 353 1551 medium.
368 1513 493 1551 nominantur
505 1510 540 1549 filii
548 1511 592 1559 Dei,
607 1511 670 1550 aDeo
683 1510 732 1562 ipso,
747 1516 766 1550 et
776 1512 813 1550 hoc
824 1511 900 1550 nomine

131 1566 224 1619 gaudent.
240 1566 273 1604 Es.
281 1568 314 1614 44,
323 1571 342 1608 5,
358 1566 406 1605 conf.
420 1566 501 1612 vocabo,
515 1564 572 1603 Rom.
581 1571 599 1613 9,
609 1569 641 1608 25.
650 1578 665 1604 s.

186 1632 205 1659 v.
215 1625 246 1662 16.
262 1616 362 1669 invainit,
373 1619 470 1673 potentio)
483 1618 527 1658 Hoc
541 1620 629 1670 congruit
643 1632 687 1658 cnm
700 1618 796 1657 mentione
809 1618 899 1669 Spiritum

131 1698 159 1706 ·-
172 1674 201 1721 εἰς
215 1669 252 1714 τόν
266 1671 306 1713 ε”σω
321 1669 449 1726 ἄνθρωπον,
469 1674 489 1712 in
507 1673 602 1712 internam
616 1672 718 1725 bominem)
737 1674 800 1712 Ηοοιο
813 1674 900 1712 internas

132 1733 162 1768 est
173 1727 230 1766 homo
241 1727 284 1778 ipse
298 1739 341 1766 crim
350 1728 439 1766 omnibns
450 1727 581 1776 fatuitatibus,
596 1727 701 1767 secundum
709 1728 786 1766 interna
794 1732 899 1779 spectatus.

132 1796 148 1822 c.
156 1785 175 1831 4,
183 1788 214 1824 22.
224 1784 255 1825 24.
271 1780 397 1830 1Ρο11.5,4.
426 1781 508 1833 Spiritui
515 1782 554 1821 Dei
568 1787 598 1821 est
609 1783 666 1821 homo
676 1782 769 1830 internus,
784 1782 837 1833 qnod
846 1782 900 1822 Clui-

132 1842 162 1877 sto
176 1835 235 1875 corda
249 1839 366 1885 sanctorum,
380 1850 399 1874 v.
408 1842 439 1878 17.
468 1835 532 1875 Homo
545 1837 632 1876 internus
647 1836 728 1875 sumit-ur
736 1837 819 1876 maxime
833 1836 853 1875 in
866 1838 900 1876 bo-

131 1904 177 1930 nam
190 1894 276 1943 partem:
291 1890 337 1942 quia
351 1890 405 1943 apud
417 1890 478 1929 malos
493 1890 556 1929 omnia
570 1891 590 1929 in
602 1891 662 1943 plena
676 1890 702 1929 ad
714 1891 787 1929 malum
800 1892 901 1931 harmonia

132 1950 183 1993 suut,
197 1944 232 1983 ubi
241 1957 280 1982 non
289 1958 339 1996 opus
351 1950 380 1984 est
390 1944 504 1983 limitatione
513 1944 546 1983 vel
555 1945 683 1984 distinctione.
706 1944 807 1997 Scriptum
816 1946 900 1985 maxime

133 2004 209 2052 spectat
225 2011 257 2037 res
275 1999 366 2038 internas.
395 1998 534 2039 Observandus
551 1996 647 2053 χιασμός.
666 1999 729 2051 prima
746 2000 851 2049 sententia,
870 2003 901 2052 det

133 2055 195 2094 aedis:
214 2053 308 2101 secunda,
327 2054 424 2093 babitare:
438 2054 504 2101 tertia,
518 2055 539 2093 in
553 2068 618 2093 00ιοιό
632 2078 658 2085 -—
672 2060 694 2093 nt
706 2055 806 2094 conlectis:
825 2060 900 2106 quarta,

133 2114 155 2148 nt
166 2107 290 2159 impleamini.
309 2108 415 2147 seeundum
428 2108 486 2147 tertia
498 2107 586 2159 respicit,
600 2108 683 2161 primam
697 2114 772 2160 quarta.
799 2109 901 2161 In'prima

134 2168 153 2202 et
168 2165 237 2214 qtrarta
247 2168 365 2201 memoratur
373 2163 438 2200 Dens:
451 2162 472 2200 in
485 2162 571 2201 secunda
581 2167 601 2200 et
609 2163 667 2202 tertia
677 2163 769 2203 Christus.
796 2163 846 2203 Post
860 2161 900 2204 ein-

132 2221 221 2272 θρωπον
236 2220 312 2267 etpost
325 2215 388 2269 χριςὸ
402 2216 466 2266 cogita
479 2216 544 2254 colon:
558 2229 590 2255 res
604 2218 641 2255 erit
654 2218 763 2269 perspicua.

187 2283 206 2308 v.
215 2274 247 2313 17.
261 2269 397 2321 κατοικῆσαι)
411 2276 433 2308 nt
444 2270 515 2309 habitet
528 2270 548 2308 in
561 2276 677 2322 perpetuum
689 2271 783 2311 Christus.
810 2272 900 2324 Asynde-

132 2330 172 2365 ton.
200 2323 241 2364 Ubi
255 2323 339 2375 Spiritus
350 2323 398 2371 Dei,
412 2323 440 2377 ibi
455 2324 513 2362 etiam
525 2324 618 2364 Christus.

186 2392 205 2418 v.
214 2383 246 2422 18.
261 2378 283 2419 ἐν
298 2373 378 2435 α’νοῖπῃ,
393 2379 414 2416 in
428 2378 502 2432 aniene)
513 2378 589 2417 Christi.
604 2392 622 2418 v.
632 2384 664 2422 19.
673 2383 712 2417 not.
726 2403 753 2411 —-
768 2378 901 2434 ἐρ’ῥιζωμένοι

132 2435 168 2474 καὶ
186 2430 369 2483 τεθεμελιωμένοι,
389 2433 473 2472 radicati
490 2439 508 2471 et
518 2431 610 2485 ficitdati)
628 2434 707 2481 Rudiae,
726 2433 811 2483 arboris;
824 2436 901 2483 fiendo-

132 2493 220 2535 inentnnc,
235 2486 295 2525 aedis.
316 2485 421 2526 Praecedit
429 2486 532 2539 Syllepsis,
544 2486 572 2526 sic
581 2487 707 2527 resolvenda:
721 2492 744 2527 ut
750 2488 839 2528 habeatis
847 2488 901 2527 Chri-

132 2546 184 2581 stum
197 2540 348 2588 inhabitantem,
362 2542 451 2581 rodicnti.
466 2540 515 2581 conf.
528 2540 569 2580 Col.
578 2547 595 2590 2,
604 2548 622 2584 2.
633 2546 674 2581 not.
701 2541 745 2581 Nisi
758 2543 823 2595 petius
834 2542 901 2582 Nomi-

132 2596 210 2635 nativus
224 2595 315 2634 cohaeret
329 2608 372 2633 cum
386 2597 476 2635 evalentis
484 2595 514 2647 ³⁵),
529 2595 598 2634 andere
611 2595 670 2636 Pauli
681 2597 702 2635 in
716 2609 740 2636 ea
754 2610 804 2649 quae
818 2609 902 2649 sequun-

131 2655 164 2690 tur
183 2651 263 2690 intento.
283 2649 311 2689 sic
328 2648 392 2690 medio
412 2663 500 2689 sermone
516 2649 594 2701 ponium
611 2651 628 2689 si
642 2656 661 2690 et
674 2654 775 2702 qttontodo,
795 2651 901 2702 1110011,

132 2707 164 2748 tu.
173 2718 188 2745 s·
204 2708 235 2754 11,
244 2709 262 2747 7.
272 2709 303 2747 16.
317 2703 420 2755 ipsumque
430 2708 463 2745 ἵνα
475 2710 501 2752 nt,
516 2703 579 2747 tGor.
587 2707 619 2753 tt,
627 2710 658 2748 tn.
675 2705 736 2749 ador.
745 2710 790 2754 2,1-
818 2706 902 2747 Faciunt

132 2764 197 2799 autem
212 2758 354 2799 contentionem
368 2758 426 2797 valde
441 2759 574 2810 emphaticam,
589 2772 639 2811 quae
653 2761 688 2799 has
703 2761 808 2812 particulas
821 2774 901 2813 praece-

132 2813 187 2854 dunt.
203 2837 227 2846 -
242 2809 371 2867 ἐξισχύσητε)
386 2814 482 2853 evalentis.
495 2813 541 2865 plus
554 2813 611 2853 ultra
626 2839 653 2847 -
666 2814 836 2868 καταλαβέσθαι)
851 2830 902 2856 asse-

132 2870 170 2922 qui,
180 2867 349 2920 comprehendere.
360 2893 387 2900 -
396 2867 418 2908 τί
425 2863 450 2909 ιο
461 2864 540 2913 πλάτος
548 2868 583 2908 καὶ
591 2867 658 2920 μῆκος
666 2871 702 2909 καὶ
712 2864 783 2923 βάθος
792 2870 828 2910 καὶ
837 2868 901 2923 ὕψος,

132 2937 181 2976 qnae
199 2924 279 2963 latitudo
298 2929 316 2962 et
334 2923 431 2975 longitudo
450 2928 468 2961 et
482 2924 610 2974 prtffnnolitos
628 2930 647 2963 et
659 2923 748 2978 altitudo)
766 2924 811 2964 Hae
829 2925 901 2964 dimen-

156 3043 177 3089 1)
189 3042 238 3077 Hnic
252 3042 348 3125 00111οέ0οέ
358 3043 412 3078 nentii
429 3049 445 3079 et
459 3053 520 3087 nianpo
532 3044 622 3088 utriusque
634 3044 667 3079 Ed.
677 3044 737 3089 favet,
756 3049 772 3080 et
783 3044 833 3079 Vens.
846 3056 901 3090 germ.

192 3097 276 3135 incipian.
317 3116 321 3125 .
351 3115 356 3126 .
