1922 3513
346 239 402 272 noar.
415 239 436 280 a,
450 242 523 276 7—12.
706 217 707 221 ¹
798 240 821 278 aa

0 352 3 374 ε
48 340 100 391 Quid
112 336 187 389 igitur?
202 337 291 383 δίκαιος,
306 332 416 380 indefinite,
431 324 714 376 dtein1ra0noinnoaas;5
729 325 821 381 ἁγαθός,

0 422 3 435 a
47 394 131 436 caninibus
141 389 316 442 pietactsnnnan
326 389 433 434 absolutas,
449 385 541 433 eximius,
555 384 631 431 lautus,
645 383 729 435 regalis,
743 384 821 430 beatus

46 464 65 488 v.
80 461 109 498 gr.
122 450 179 497 pater
192 444 273 497 patriae„
287 465 316 471 —
330 438 382 496 ὑπὲρ
400 437 451 494 peip)
473 437 596 491 Sejungendi
614 438 655 476 vim
673 433 714 491 yolo
732 438 752 475 h·
767 438 781 476 l·
799 441 822 481 ut.

0 501 4 544 ζ
47 513 115 552 saepe,
134 499 199 538 habet.
213 519 241 526 —
255 492 322 551 τιν’χα,
342 496 384 545 τῖς,
404 497 452 543 καὶ,
473 496 552 547 τολμᾷ,
566 493 666 543 forsitan,
687 492 739 543 qnia,
759 492 821 539 etiarn,

47 554 112 607 nodet)
133 553 189 593 Haec
202 552 280 604 singula
294 551 413 603 amplificant
426 550 459 597 id,
477 549 530 601 quod
543 562 562 586 v.
577 552 597 591 8.
612 547 688 587 dicitur.
707 542 763 601 τνίχα
778 547 822 600 (pro

1 606 3 653 J
34 605 134 662 alpago)
147 608 216 647 minuit
231 606 382 646 affirmationem.
397 606 441 655 τῖς,
456 605 536 656 aliquis,
550 603 609 655 plane
623 601 724 641 indefinite
738 602 821 653 ponitur,
875 601 877 604 ”

0 657 1 668 ³
47 675 110 715 neque
119 668 229 714 spectatur,
243 667 308 701 utrum
321 661 342 699 in
354 665 407 700 statu
420 660 461 698 irae
476 672 502 698 an
515 659 591 711 gratiae
606 657 632 697 sit
645 657 689 706 itte,
705 657 739 708 qni
747 670 783 708 pro
790 656 822 708 ju·

48 724 77 757 sto
92 722 126 755 aut
140 730 176 768 pro
189 716 358 755 Bonomoriatur.
377 715 424 764 καὶ,
444 714 511 762 etiaim,
532 713 656 761 concessiva,
677 711 771 759 ostendit,
788 724 822 750 cur

47 784 86 810 non
96 770 208 823 simpliciter
223 771 308 818 dicatur,
322 770 412 816 rizoritnr,
428 768 485 820 quasi
497 781 530 806 res
541 767 655 819 quotidiana
670 771 731 816 esset3
747 765 783 804 sed
795 764 823 803 di-

48 824 130 864 cendum
143 826 207 877 potius
223 838 274 873 esse,
295 826 354 864 ccedet
366 824 426 872 niori,
441 823 488 874 quia
504 836 599 874 magnum
614 821 708 874 quiddam
722 820 747 861 sit
762 825 781 859 et
794 819 823 858 in-

47 880 130 919 solitum.
153 879 230 932 τολμᾷ,
249 882 316 929 candet,
337 879 392 931 quasi
406 879 489 919 verbum
508 878 613 927 auxiliare,
633 876 740 929 respondet
757 875 823 915 futuro

47 935 129 985 tempori
142 934 163 972 in
176 936 272 974 iriorietar.
287 936 353 983 arida,
368 934 456 973 sustinet.
471 956 499 961 —-
513 929 643 982 οἷπαθανεῖν,
659 931 718 986 aanor&
736 930 774 970 Vis
788 930 823 970 ha

47 988 93 1027 bere
108 989 178 1028 amieos
193 1002 251 1041 quam
266 988 397 1028 certissimos?
416 990 475 1028 baraza
490 993 537 1027 esto.

100 1056 120 1081 v.
132 1048 151 1085 8.
167 1044 272 1096 συνίςησι)
292 1045 415 1082 commendat.
443 1042 617 1094 Elegantissimann
635 1034 724 1081 vcihum.
754 1040 823 1080 Solent

48 1097 177 1135 commendari
190 1098 256 1146 nobis,
272 1098 305 1148 qui
320 1104 378 1136 antea
390 1098 453 1148 ignoti
467 1102 524 1135 erant
537 1096 594 1145 nobis
609 1100 643 1135 ant
657 1097 721 1135 alieni.
738 1095 788 1134 conf.
801 1096 823 1134 in

47 1151 129 1188 inediam
142 1152 242 1189 deseendit.
259 1151 321 1189 Hehr.
330 1157 348 1199 fi,
359 1157 391 1194 17,
401 1173 428 1178 —
443 1151 476 1200 δὲ,
490 1149 544 1202 aero)
564 1149 688 1202 Comparatio
702 1151 752 1189 haee
766 1162 822 1202 prae-

48 1204 148 1255 supponit,
162 1209 238 1243 tentum
253 1218 295 1243 esso
309 1205 348 1250 Dei
362 1218 447 1243 amorem
463 1218 511 1256 erga
524 1204 632 1252 Christum,
648 1210 731 1257 quantus
747 1210 776 1243 est
783 1204 823 1242 Dei

48 1271 102 1295 arnor
116 1270 163 1308 erga
176 1271 225 1297 sese.
248 1259 302 1310 Ergo
314 1259 376 1298 Filius
392 1264 422 1298 cst
430 1259 474 1297 Dco
485 1258 579 1310 aequalis.
589 1280 617 1286 -—
628 1254 765 1312 ἁμαρτωλῶν,
777 1272 822 1310 pec-

48 1312 150 1363 catoribus)
171 1310 216 1351 Non
230 1313 287 1352 modo
300 1327 339 1352 non
353 1314 407 1362 botai,
422 1314 457 1353 sed
471 1326 496 1352 ne
505 1314 556 1363 jacti
570 1312 649 1364 quidem
664 1326 746 1352 eramus.

101 1380 120 1404 v.
133 1372 151 1414 9:
167 1366 326 1415 δικαιωθέντες,
338 1368 448 1421 justificati)
469 1368 596 1406 rlrrtithcton:
613 1369 753 1418 peecatoribus.
771 1381 790 1406 u.
802 1373 822 1411 8.

48 1419 133 1467 -νῦν,
147 1420 206 1470 iatine)
226 1423 301 1460 Recens
315 1427 357 1460 tum
372 1428 413 1460 crat
427 1422 481 1473 apud
494 1422 562 1460 fideles
577 1422 671 1460 memoria
684 1422 751 1461 mortis
765 1421 784 1461 J.
800 1421 822 1460 C.

48 1495 75 1501 -
85 1468 268 1527 tiniaric‘ipyiic,
283 1476 307 1514 ab
322 1476 361 1528 ira)
378 1489 429 1527 quac
444 1477 516 1528 alioqui
530 1489 569 1514 non
578 1476 654 1515 desinit.
670 1477 704 1528 qni
717 1489 756 1515 non
771 1489 823 1515 asse-

50 1531 134 1579 quuntur
148 1528 240 1578 gratiam,
255 1542 313 1581 super
328 1531 355 1569 eis
369 1536 435 1569 manet
448 1531 483 1569 ira.

101 1594 121 1618 V·
132 1586 163 1623 to.
178 1584 206 1631 el,
220 1583 246 1636 a)
262 1583 325 1635 Saepe
340 1586 368 1636 ai,
384 1586 409 1634 si,
423 1586 511 1637 inprimis
525 1586 563 1623 hoc
577 1589 597 1623 ct
607 1589 676 1624 octavo
686 1585 750 1637 capite
764 1585 824 1638 hujus

49 1635 152 1686 epistolae,
166 1648 204 1674 non
218 1642 258 1675 tam
273 1639 402 1677 conditionem
412 1640 502 1688 denotat,
517 1642 576 1691 qnam
586 1641 745 1691 consequentiam
751 1640 821 1679 firmat.

101 1702 120 1727 V·
130 1695 161 1732 ll.
176 1686 316 1744 καυχώμεθα,
329 1694 445 1747 ploriamnr)
464 1695 516 1734 Tota
530 1694 601 1742 oratio,
616 1708 628 1732 a
641 1701 726 1736 versuS
742 1694 768 1733 ad
782 1700 821 1744 M,

47 1755 86 1781 una
101 1744 242 1783 construetione
257 1747 339 1785 sruuitur
352 1748 389 1787 hoc
403 1750 469 1797 modo,
484 1745 508 1790 ori
521 1748 586 1799 μόνον
602 1747 633 1795 δὲ,
648 1744 703 1789 oillei
717 1748 754 1789 καὶ
767 1764 821 1789 καυ-

47 1794 133 1856 palpatio
149 1796 171 1836 ἒν
184 1799 230 1845 ταῖς
241 1803 342 1854 θλίψεσιν
356 1798 505 1854 (εἰδότες-ἔν
519 1801 545 1857 τῇ
554 1801 596 1855 ζωῇ
607 1798 670 1854 antei)
685 1800 697 1841 zi
710 1798 776 1854 μόνον
791 1802 820 1851 δὲ,
850 1839 856 1847 ,Α

48 1845 102 1889 atta
116 1850 152 1889 uni
165 1848 294 1904 καυχώμεθα
308 1854 331 1894 ἕν
344 1855 375 1908 τῷ
387 1855 431 1909 θεῷ
443 1859 485 1896 κτλ.
505 1855 538 1894 Sic
549 1854 635 1894 Oolinaei
647 1856 716 1905 editio,
730 1857 792 1895 Barla
801 1859 820 1900 [ι.

48 1902 89 1940 cod.
104 1916 139 1942 ms.
154 1904 174 1942 in
189 1907 258 1958 colleg.
272 1909 430 1959 praedicatorum
446 1909 499 1961 apud
513 1910 623 1957 Basileon,
637 1910 696 1950 Bocll.
711 1915 730 1953 5.
746 1910 821 1953 Coun.

47 1957 70 1994 L.
84 1958 126 2018 Pssh
140 1963 158 1999 l.
178 1959 242 2011 Scapt.
258 1977 287 2001 ια.
304 1963 358 2001 Aera.
373 1964 433 2002 Arab.
451 1965 506 2015 Ῐνάἰμ.
520 1968 542 2002 ut
556 1964 607 2002 illud
620 1964 694 2015 ipsum,
714 1961 738 2005 ori
756 1960 822 2015 μόνον

48 2010 76 2058 δὲ,
91 2014 143 2051 atta
159 2013 195 2052 nal
208 2011 345 2067 καυχώμεθα,
358 2018 471 2069 parenthesi
481 2019 541 2069 longa
549 2018 703 2068 interveniente,
720 2017 767 2072 [per
776 2033 821 2072 epa·

47 2065 144 2126 nalepsin,
162 2065 208 2105 Not.
223 2068 272 2123 crit]
292 2076 402 2122 repetatur,
421 2077 440 2111 et
454 2073 551 2112 sententia
565 2087 601 2125 per
616 2087 659 2113 eam
673 2087 768 2126 suspensa
783 2074 821 2112 ele—

47 2124 159 2168 gantissime
169 2120 319 2176 dulcissimeque
334 2127 447 2177 expleatur,
462 2128 500 2166 hac
515 2128 607 2179 apostoli,
622 2129 684 2168 serius
694 2128 769 2169 anobis
777 2142 821 2180 per-

47 2177 123 2223 specta,
146 2178 296 2217 constructione:
319 2181 392 2220 Paceni
414 2183 512 2232 nicaenas,
534 2189 553 2222 et
570 2183 680 2235 ploriainai·
700 2185 740 2224 noia
760 2186 820 2224 soleant

46 2240 105 2289 snper
119 2228 175 2267 SPE
185 2233 260 2282 planiae
274 2235 324 2282 Dei;
345 2238 380 2275 secl
392 2238 457 2286 ctiam,
479 2239 499 2277 in
517 2239 584 2283 neate
598 2239 761 2289 tribulationibus,
780 2242 821 2292 plo-

42 2295 131 2330 iaamnr,
149 2297 237 2337 mquam,
256 2289 277 2326 in
291 2290 334 2329 Deo
347 2291 400 2343 ipso,
411 2306 450 2343 per
465 2294 571 2332 Doniinnna
585 2300 671 2333 nostran
684 2296 751 2334 Jesnna
766 2294 821 2334 Otia·-

47 2341 106 2399 δίναν,
125 2351 164 2388 per
183 2354 238 2392 qneni
258 2344 340 2384 NUNC
355 2347 527 2387 reconciliationem
547 2349 661 2399 accepimns.
693 2349 821 2388 Recentiores

47 2390 136 2454 plerique
155 2392 229 2445 fecere,
248 2395 392 2452 neapolitanae,
411 2406 433 2440 ut
451 2402 468 2451 si
486 2403 604 2441 constructio
623 2408 684 2452 esset,
703 2403 822 2443 reconciliati

47 2446 174 2505 cnloabnnnr,
189 2456 208 2489 et
218 2452 334 2503 ploriantes:
348 2455 377 2494 uti
391 2456 487 2507 receptior
501 2456 561 2495 hebet
574 2456 674 2496 lectio.—-
685 2455 708 2498 ἐν
722 2459 752 2498 zoi
766 2458 820 2511 θεῷ)

47 2500 134 2562 ΨΡΫθν
147 2507 293 2552 Ποθαίῖυθνθῑιδ
306 2509 371 2548 Deam
385 2523 401 2548 c.
417 2512 439 2559 lt,
454 2517 473 2553 2.
487 2532 515 2538 -
526 2506 567 2561 'triv
585 2508 728 2565 καταλλαγήν)
741 2500 821 2552 ‘aeeon
872 2545 874 2547 .

48 2555 161 2596 calcationem
181 2564 201 2598 et
217 2560 354 2603 liberationem
372 2564 396 2604 ab
417 2565 447 2605 ira
467 2565 576 2620 insequitur
595 2565 686 2618 gloriatio
705 2567 730 2606 de
750 2580 820 2617 amore,

49 2619 98 2657 quae
112 2610 158 2662 plus
173 2614 225 2654 dicit.
258 2633 260 2636 >

59 2715 63 2723 Ι
101 2678 120 2710 ‚V-
130 2671 161 2709 12.
179 2665 216 2709 aiot
229 2673 291 2722 atto,
303 2674 418 2729 propterea)
436 2664 526 2729 Respicit
539 2681 601 2715 totam
614 2677 750 2717 tractationem
764 2690 820 2729 supe·

48 2728 127 2779 nonem:
143 2734 168 2760 ex
182 2736 221 2774 qua
233 2725 283 2765 haec
296 2727 355 2767 infert
369 2731 484 2781 apostolus„
492 2744 531 2770 non
541 2736 583 2770 tam
592 2731 732 2783 digressionem
740 2731 821 2781 faciens,

49 2782 106 2832 quam
120 2787 240 2828 regressum,
257 2780 281 2819 de
295 2789 379 2834 peccato
387 2790 406 2823 et
415 2785 440 2824 de
451 2786 534 2837 justitia.
557 2786 652 2825 Paulinae
661 2786 749 2826 methodi
759 2787 824 2836 imita-⁴

48 2828 100 2865 trcne
114 2831 212 2881 agendum
226 2835 288 2886 primo
303 2842 333 2876 est
348 2838 372 2877 de
386 2846 468 2890 peccato
483 2841 563 2889 actuali,
579 2854 604 2879 ex
616 2855 658 2892 cap.
669 2848 687 2885 l.
697 2855 738 2894 seq.
750 2842 821 2881 deinde

48 2883 133 2942 minoda
144 2889 221 2936 peccati
231 2896 281 2929 ortu.
306 2891 338 2931 De
351 2899 432 2945 peccato
446 2896 490 2944 illo,
505 2895 558 2948 quod
572 2896 667 2946 originale
681 2901 754 2935 vocant
767 2897 821 2935 theo·
868 2904 870 2906 ’

48 2931 98 2984 loga,
112 2936 262 3004 Paulusuminus
278 2958 370 2998 expresse
385 2949 482 3002 loquitur:
497 2950 533 2990 sed
547 2950 598 2988 enim
612 2949 638 2989 ad
649 2950 822 2990 demonstrandum

49 2994 123 3052 reatnm
137 2994 206 3036 sufficit
225 3006 328 3050 peccatum
341 3002 424 3055 Adami3
444 3005 470 3044 ad
490 3004 659 3044 demonstrandam
678 3007 822 3058 corruptionem

48 3039 168 3089 habitualem
181 3052 278 3095 sufficiunt
291 3055 366 3097 fructus
380 3059 486 3099 tristissimi
498 3059 582 3113 plurimi.
604 3059 631 3098 Et
645 3071 671 3100 ex
682 3061 824 3113 justificatione,

15 3123 17 3126 .
49 3094 196 3199 hepondemum
210 3109 317 3164 respiciens
330 3113 438 3157 doctrinam
453 3115 505 3172 capit
519 3114 543 3155 de
555 3114 630 3169 origine
644 3116 692 3214 αέιίἰ
706 3117 821 3173 etreliqua.
