1922 3513
264 228 273 261 l
284 222 335 257 COR.
347 222 394 266 XIV,
407 227 489 261 58-40.
514 223 552 265 XV,
566 229 604 261 1-
611 228 628 260 4·
795 225 830 259 165

62 321 175 371 gumentum
185 318 273 357 validum
287 318 340 370 apud
355 316 468 368 Corinthios,
483 319 594 371 ccpnitionis
608 315 736 355 avidissimos.
749 339 776 345 —
791 312 832 368 α’γ-

62 372 145 421 οοείτω,
164 373 245 425 ipncret)
261 386 280 423 q.
295 374 314 411 d.
342 372 386 411 Non
404 387 505 424 possumus
524 374 548 412 ob
568 372 629 412 talem
647 370 710 409 omnia
727 370 830 422 projicere.

62 426 134 468 habeat
145 426 178 464 illc
193 428 235 477 sibi.
259 427 297 477 Qui
307 427 345 467 sibi
355 427 382 467 ita
392 428 535 480 permittuntur,
550 427 627 466 facilius
636 424 757 477 resipiscunt,
773 438 832 476 quam

63 483 79 523 si
93 480 164 519 invitos
177 481 253 521 doceas.
589 512 592 514 >

116 548 135 573 V·
151 541 183 577 59.
197 535 249 585 ὥςε,
263 536 334 589 itaque)
351 535 434 576 Summa.
449 560 476 567 -α
491 535 576 587 tuliis,
591 532 727 585 aemulamini)
742 532 767 571 Id
780 533 832 585 plus,

64 602 122 643 quam
136 603 174 629 non
185 591 286 641 prohibite.

115 657 134 682 V·
149 647 182 687 to.
197 639 336 697 εὐσχημόνως,
350 646 432 699 honeste)
448 646 501 698 quod
515 645 541 684 ad
554 643 641 696 singulos
657 642 731 682 attinet.
740 657 767 670 ³—
777 637 834 682 nurui

64 696 131 748 ταξιο,
145 700 248 739 secundum
262 699 355 752 ordinem)
369 700 458 740 invicem.
836 719 837 722 ¹

312 820 487 872 CAPUT
522 820 575 869 XV.

118 920 137 945 v.
153 912 171 948 l.
186 908 290 961 Γιοιρίζω,
305 916 369 948 notum
378 908 442 961 facio]
459 908 534 947 Constr.
549 921 593 946 cum
608 906 649 947 rire
665 921 702 958 quo
716 920 735 945 r.
751 912 769 948 2.
785 905 834 944 conf.

65 959 109 999 Gal·
124 966 142 1008 1,
155 966 187 1003 ll.
209 961 281 1001 Paulus
294 963 397 1002 Corinthiis
410 964 452 1014 jam
467 968 524 1001 antea
537 967 605 1001 notum
615 961 689 1000 fecerat
699 960 833 1012 evangelium,

66 1014 100 1054 sed
114 1029 165 1053 nunc
180 1017 271 1055 certiores
286 1031 318 1057 eos
332 1018 378 1056 facit
392 1018 484 1069 amplius,
504 1031 541 1067 quc
554 1019 610 1056 modo
628 1016 678 1054 illud
693 1017 720 1054 eis
736 1015 835 1066 evangeli-

66 1069 119 1116 zarit,
135 1083 174 1120 qua
188 1072 267 1119 ratione,
283 1085 320 1123 quo
334 1072 465 1119 fundamento,
478 1071 549 1122 quibus
563 1072 688 1122 argumentis.
717 1071 783 1109 Antea
794 1069 834 1108 iue-

65 1125 265 1173 fortunatarum
279 1127 300 1165 fit
314 1128 405 1175 elenchus,
421 1126 454 1178 qui
468 1139 525 1164 versu
535 1129 567 1168 54.
582 1125 689 1178 dyuorclau
703 1124 835 1177 ipriordntidm

66 1179 134 1217 severe
148 1184 208 1227 notat.
218 1202 245 1207 —
255 1176 278 1220 ni
292 1178 419 1235 εὐαγγέλιον,
434 1181 560 1232 euunpelium)
576 1180 600 1217 de
617 1178 699 1225 Christo,
714 1179 798 1217 maxime
811 1179 835 1217 de

67 1233 108 1283 ejus
122 1236 269 1273 resurrectione.
298 1234 359 1274 Grata
374 1235 487 1287 appellatio,
503 1248 542 1285 qua
557 1234 667 1272 Corinthios
681 1233 751 1272 allicit:
766 1239 785 1271 et
797 1246 836 1271 mo-

66 1291 109 1325 rata
123 1287 224 1339 praefatio,
240 1303 278 1341 qna
293 1303 325 1329 cos
340 1291 395 1341 quasi
410 1302 515 1340 suspensos
525 1294 584 1327 tenet.
594 1314 619 1320 -
633 1282 769 1340 παριλοῖβιτε,
784 1297 836 1327 dcce-

63 1342 128 1395 pistis)
143 1341 279 1383 Praeteritum.
303 1343 412 1398 [Aeternum
426 1345 472 1383 haec
487 1343 592 1393 deceptatio
607 1342 738 1393 ohliputionem
752 1343 836 1382 introlvit.

67 1395 92 1434 V·
108 1396 134 1451 g.]
150 1421 177 1428 -
191 1394 291 1448 ἑςήκατε,
305 1399 387 1451 stetistis)
402 1400 414 1437 i.
430 1411 446 1436 e.
461 1403 534 1437 statum
547 1397 600 1436 nacti
616 1398 668 1435 estis.
697 1396 803 1445 Praesens,
816 1398 837 1435 in
878 1399 891 1412 “’

67 1463 130 1489 sensu.

120 1520 139 1544 v.
155 1512 173 1548 2.
189 1501 287 1555 odlando,
301 1507 412 1559 solemnini)
427 1506 529 1553 Futurum,
543 1505 562 1544 in
577 1518 642 1545 sensu.
657 1519 676 1543 v.
692 1509 723 1548 18.
737 1510 769 1548 ll)-
780 1529 806 1534 —
820 1505 839 1545 εἰ

67 1559 169 1612 κατέχετε,
183 1561 201 1598 si
214 1561 285 1613 tenetis)
301 1563 323 1602 m·
336 1563 367 1601 hic
379 1561 475 1614 siguificat
486 1573 546 1612 spem,
561 1566 583 1599 nt
593 1564 649 1612 patet
660 1573 684 1597 ex
698 1572 726 1608 ec,
742 1559 795 1611 quod
808 1572 837 1598 se-

68 1613 142 1663 quitur,
156 1615 195 1653 nisi
209 1622 241 1654 etc.

121 1668 141 1720 ᾖ’)
156 1683 174 1707 ν.
187 1675 206 1711 5.
221 1667 242 1710 ἐν
251 1665 351 1722 πρώτοις,
365 1672 386 1710 in
397 1672 472 1723 primis]
488 1671 543 1720 Quae
554 1668 633 1707 maximi
644 1668 736 1706 momenti
750 1671 799 1714 sunt,
814 1668 836 1706 in

63 1721 134 1771 prinus
148 1723 213 1762 doceri
228 1723 305 1763 debent.
334 1735 402 1767 :stitus
415 1737 442 1767 'm
456 1726 518 1765 LXX
533 1724 554 1764 ἐι
572 1719 675 1776 πρώτοις,
693 1723 706 1760 i.
722 1735 738 1760 e.
751 1723 835 1773 pridem,

68 1774 139 1816 asam.
155 1783 186 1825 20,
202 1783 243 1821 18.;
257 1783 282 1826 at,
294 1780 366 1830 prium,
377 1779 436 1817 Dent.
452 1787 483 1828 15,
498 1786 517 1822 9.
533 1783 552 1816 et
566 1778 593 1816 sio
604 1777 623 1814 h.
638 1777 651 1814 l.
667 1800 692 1806 —
707 1778 835 1829 παρέλαβον,

67 1832 140 1884 accepi)
155 1845 167 1869 a
181 1831 258 1871 Christo
270 1832 318 1883 ipso.
346 1832 389 1870 Non
403 1846 439 1883 ego
453 1835 505 1873 finxi.
521 1832 568 1872 conf.
583 1830 656 1873 aPetr.
672 1837 690 1878 1,
705 1836 737 1873 th·
754 1857 778 1862 -
793 1825 835 1878 ὅτι,

67 1885 126 1937 qiiod)
140 1885 214 1926 Paulus
228 1887 285 1934 dicit,
295 1900 315 1926 se
328 1900 367 1925 non
381 1887 442 1926 solum
456 1887 617 1927 resurrectionem
631 1884 713 1932 Christi,
728 1884 764 1923 seri
779 1883 837 1922 etiam

66 1940 227 1979 resurrectionem
241 1946 359 1979 mortuorum
367 1941 412 1979 inde
423 1943 519 1989 fluentem,
534 1942 554 1980 in
565 1940 637 1991 prinus
651 1939 777 1991 praedicasse
791 1938 837 1977 fidei

67 1993 171 2042 capitibus:
186 2007 268 2045 quorum
281 1995 338 2033 iidem
352 1997 472 2045 susceperint
483 1996 583 2042 Corinthii,
599 1999 705 2046 antequam
716 1994 836 2045 baptizaren-

66 2047 131 2085 turin
144 2061 214 2086 nomen
229 2048 299 2087 Christi
318 2062 353 2099 pro
371 2048 418 2099 ipsis
438 2052 535 2103 crucpirci,
555 2049 644 2099 adeoque
660 2049 718 2087 etiarn
733 2047 804 2087 mortui
817 2052 837 2086 et

66 2102 180 2139 resuscitati.
196 2115 212 2141 c.
228 2108 245 2150 1,
261 2100 297 2144 lh.
308 2103 350 2141 coll.
365 2102 427 2142 Hebr.
441 2111 459 2151 6,
471 2113 489 2147 2.
506 2131 532 2137 -
549 2100 612 2155 ὑπὲρ)
624 2117 669 2153 pro.
697 2102 836 2141 Efficacissima

65 2154 146 2203 locutio,
163 2170 203 2207 pro
219 2158 304 2207 peccatis
322 2159 392 2196 nostris
412 2159 520 2209 abolendis=
540 2157 584 2198 Gal.
602 2164 622 2206 l,
636 2162 655 2202 t.
677 2157 749 2200 tPcu
765 2163 787 2205 2,
803 2160 835 2201 24·

67 2207 131 2249 lloh.
147 2215 165 2257 5,
180 2216 199 2252 5.
228 2210 260 2249 Sic
275 2207 325 2266 ὑπὲρ
341 2212 402 2250 chr.
418 2218 436 2261 5,
451 2220 469 2255 5.
499 2213 570 2252 Confer
583 2213 641 2264 plauc
656 2213 695 2250 Tit.
707 2219 725 2260 2,
741 2215 773 2255 th.
787 2212 835 2250 Luc.

66 2268 84 2307 ⁴1,
100 2267 193 2307 ll-llt·
209 2265 308 2312 acor-5,
322 2271 354 2309 tt.
373 2289 400 2294 -
419 2267 542 2322 ἁμαρτιῶν,
557 2267 649 2319 peccatis)
669 2267 739 2317 quibus
758 2272 836 2305 mortem

67 2318 172 2357 commeriti
187 2331 268 2359 eramus.
283 2333 302 2358 v.
320 2326 351 2364 17.
366 2343 393 2349 -
412 2319 508 2375 γραφαῖς,
526 2322 643 2375 scripturas)
657 2322 722 2360 hhdtc
737 2321 789 2360 dicta
804 2333 837 2359 ex-

66 2376 118 2409 stant
131 2373 152 2410 in
159 2366 268 2426 xScriptura
283 2375 307 2413 de
321 2382 382 2414 morte
396 2377 474 2415 Christi.
503 2377 643 2425 Testimonium
652 2376 765 2426 Scripturae
780 2388 836 2426 prae-

66 2425 124 2465 mittit
138 2427 211 2468 Paulus
225 2430 335 2469 testimonio
353 2444 427 2478 eorum,
449 2432 481 2482 qui
496 2431 601 2469 Dominum
618 2430 709 2469 viderunt
730 2444 755 2468 cx
772 2442 836 2468 resur-

66 2481 157 2521 rectione.
573 2526 574 2529 Ἴ

120 2550 139 2575 v.
154 2540 172 2581 lt·
188 2534 264 2590 ἑτοῖφη,
279 2542 364 2591 sepultus
375 2540 409 2591 est)
423 2540 495 2579 Matth.
506 2543 577 2588 raro.
593 2539 677 2594 [Aretias
692 2540 721 2578 hic
736 2539 837 2590 sepultura

68 2587 139 2629 Christi
152 2606 194 2630 curn
207 2595 348 2633 resurrectione
363 2596 493 2646 corp'unpitur,
512 2609 571 2646 quum
585 2610 627 2634 cum
646 2601 711 2634 inerte.
739 2595 837 2634 Nimirum

67 2643 100 2681 suh
114 2646 177 2696 ipsum
190 2648 256 2687 mortis
272 2647 343 2688 Christi
357 2656 469 2690 momentum
488 2650 549 2689 uirtus
566 2651 616 2690 uitae
635 2649 713 2689 dissolui
727 2650 801 2688 nesciae
817 2663 837 2688 se

67 2701 156 2758 enseruit.
172 2702 244 2744 tPetr.
259 2709 278 2749 5,
293 2709 325 2746 18.
340 2705 410 2744 hldtth.
426 2710 457 2752 27,
472 2709 505 2747 52.
533 2705 579 2744 Non
596 2705 736 2756 receptaculum
756 2700 836 2755 corrup-

67 2753 113 2790 tioni
126 2756 245 2805 destinatum,
261 2757 336 2797 Clnisto
350 2760 434 2798 Domino
448 2762 557 2811 sepulcrum
565 2761 619 2808 fuit,·
636 2760 670 2797 sed
683 2760 772 2797 conclave
786 2758 838 2797 uitae

67 2807 167 2848 adeundae
185 2818 257 2861 aptum.
276 2813 317 2852 Act.
332 2820 350 2861 2,
365 2820 397 2857 26.
418 2814 443 2853 V.
459 2814 485 2869 gh
504 2835 532 2842 -
549 2810 670 2867 ἐγήγερται,
690 2813 784 2851 eaecitntus
802 2813 836 2865 est)

66 2857 95 2921 Ep
109 2866 235 2915 opportunior
254 2872 283 2905 est
302 2868 358 2920 copia
376 2869 468 2908 sermonis
490 2868 515 2907 de
533 2866 673 2907 resurrectione
688 2866 771 2914 Christi,
791 2867 838 2917 quia

68 2926 118 2953 circa
135 2924 212 2969 tempus
230 2921 324 2971 paschale
345 2924 418 2976 scripta
435 2928 464 2961 est
483 2923 571 2975 epistola.
594 2936 610 2961 c.
626 2926 644 2970 5,
660 2927 678 2963 7.
692 2926 732 2960 not.
761 2921 837 2972 Urgen-

68 2966 114 3021 dum
135 2978 164 3011 est
184 2974 260 3025 pondus
281 2977 374 3016 materiae
400 2978 424 3018 de
444 2978 593 3027 resurrectione,
617 2976 671 3028 quod
693 2976 753 3015 variis
775 2976 838 3017 titulis

68 3054 353 3070 x——k

91 3099 108 3147 l)
121 3099 250 3154 rimisteino]
264 3106 322 3143 Triste
335 3111 447 3148 uocabulum.
461 3111 500 3147 Gal.
514 3115 530 3154 t,
544 3113 560 3149 2.
574 3114 590 3153 5,
603 3113 619 3148 l·
633 3114 650 3153 t,
664 3114 694 3185 Mi
721 3108 740 3147 V.
753 3122 770 3156 γ.
