1922 3513
374 266 426 301 ean.
438 266 468 310 rr,
482 272 553 306 e-ra.
782 263 784 266 ’
812 272 847 305 245

78 367 132 407 Atta
148 364 169 403 in
187 361 262 416 Spiritu
280 360 391 401 clamantes.
405 384 433 391 »-
452 363 522 411 dator,
540 360 616 413 saraae)
634 372 688 399 more
707 361 806 401 minorum.
820 387 849 395 --

78 414 216 473 κληρονόμος)
229 417 293 466 dares,
308 421 358 455 actu.

132 473 153 525 1]
167 486 186 511 v.
201 477 221 515 8,
235 468 289 520 τότε,
303 471 351 524 tan)
366 484 425 522 quarn
436 483 517 509 essenus
528 470 619 519 infantes.
627 493 653 500 -
661 467 687 511 ἐκ
701 464 778 515 εἰδότες
789 467 849 518 θεόν,

78 543 117 569 non
135 532 232 567 nosoentes
250 525 322 578 Deum)
343 524 410 565 Status
424 524 517 576 gentium
534 524 659 564 miserrimus.
673 547 701 553 -
720 518 850 572 r'detev'oatr,

78 581 177 632 sanctiatis)
192 580 285 620 servitute
300 580 344 629 alia,
360 594 383 619 ac
392 579 483 619 Judaica.
498 593 517 618 v.
526 585 544 621 5.
564 578 609 618 Non
622 592 669 618 vero
684 578 739 619 cultu
753 578 800 617 deos
811 589 851 615 non

78 649 135 677 veros
150 635 246 675 affecistis.
275 634 319 674 Non
334 634 463 674 assueveratis
479 633 540 673 cultui
552 633 652 673 Mosaico:
667 647 690 673 eo
703 632 766 683 magis
780 631 851 671 miran-

79 692 131 738 dum,
145 703 180 730 vos
194 704 245 729 nunc
260 703 303 729 eum
318 690 414 730 affectare.
438 688 484 728 Sine
496 689 596 728 elementis
607 688 646 728 illis
659 689 685 728 ad
695 687 799 728 veritatem
807 698 851 738 per-

78 745 168 786 venistis:
182 759 234 785 nunc
248 745 326 784 demum
338 745 373 784 illa
387 743 496 796 sequimini.
511 767 538 776 -
551 745 595 791 τοῖς
608 740 638 796 μή
653 738 716 796 φύσει
731 735 767 783 ἔοι
782 741 850 790 θεοῖς]
897 767 899 772 -

80 800 113 841 Sic
126 799 194 849 LXX,
209 801 239 853 τῷ
253 795 285 852 μή
297 796 344 841 dara
355 800 407 850 ‹3qu,
422 798 556 847 2Ghr0n.15,
572 804 591 841 9.

133 868 152 893 v.
167 860 185 898 9.
200 849 284 907 γνόντες
297 851 356 903 θεον,
371 860 468 894 noscentes
481 853 553 906 Deam)
568 853 633 892 Deum
646 865 725 900 verum,
742 849 775 903 qui
791 848 851 902 spiri-

79 914 110 948 tus
126 913 160 948 est.
176 922 215 960 quo
230 909 312 960 cognito,
326 922 386 960 quum
398 915 464 948 tamen
477 909 573 947 elementa
584 908 622 947 ista
636 906 742 954 sectamini,
757 905 810 945 idem
822 909 852 943 est

80 977 103 1002 ae
116 963 133 1001 si
145 963 239 1014 magister
256 963 305 1002 velit
324 964 350 1002 ad
363 963 456 1002 tabellam
471 963 607 1002 abecedariam
623 962 702 1001 reverti.
718 984 745 992 -
762 961 851 1010 μᾶλλον,

76 1017 149 1070 potins)
163 1018 202 1056 Dei
219 1017 290 1055 donum
305 1022 340 1057 est.
368 1018 389 1056 Is
402 1030 436 1057 vos
451 1018 533 1069 agnovit
547 1022 567 1056 et
581 1030 626 1056 suos
641 1016 690 1055 filios
706 1028 748 1054 esse
764 1013 851 1052 deelara-

78 1071 113 1110 vit.
132 1071 375 1119 cont.Ex.55,12.17.
403 1072 471 1111 Ponat
485 1076 523 1120 est,
544 1071 597 1124 quod
610 1071 649 1110 Dei
666 1075 705 1119 est,
724 1069 749 1108 ad
767 1068 852 1108 salutem

79 1132 170 1174 nostram,
186 1139 245 1177 quam
259 1126 312 1176 quod
324 1131 417 1165 nostrum.
433 1126 481 1165 conf.
494 1126 546 1164 Phil.
562 1132 625 1174 3,12.
641 1148 669 1153 —
682 1126 734 1173 πῶς,
749 1122 850 1175 quomodo)

79 1179 208 1230 Interrogatio
220 1179 367 1217 admirabunda.
382 1193 398 1217 c.
409 1186 426 1226 t,
435 1186 461 1228 6.,
475 1181 541 1219 miror.
552 1202 580 1207 —
590 1176 664 1226 πάλιν,
678 1179 755 1230 traam)
770 1182 793 1216 ut
805 1176 852 1215 olim

80 1234 181 1273 eerviimus
195 1246 236 1272 nos.
255 1256 282 1261 -
300 1229 383 1282 αόθεοῆ
397 1233 433 1272 καὶ
451 1229 538 1287 πτωχοῖ,
558 1234 627 1272 dedit-ia
641 1239 658 1272 et
672 1231 741 1284 epona)
757 1232 852 1270 Debilitas
913 1255 915 1258 -

80 1287 170 1339 opposita
184 1287 296 1339 parrhesiae
314 1286 379 1336 filiali,
399 1294 482 1339 apertas,
501 1288 613 1339 opulentiae
631 1287 752 1325 hereditatis.
769 1308 797 1316 -
816 1285 853 1333 οἷς,

80 1341 155 1393 quibas)
171 1342 276 1389 elementis,
290 1354 328 1379 non
337 1341 386 1379 Deo.
397 1363 425 1369 ··-
434 1340 500 1381 na'lrv
514 1337 608 1390 ἄνωθεν,
622 1342 690 1381 iterum
700 1339 770 1391 denno)
785 1338 853 1378 Vultis

81 1396 153 1435 servire
164 1397 231 1435 iterata
236 1410 243 1442 ,·
257 1409 309 1434 nuno
318 1395 423 1443 elementis,
437 1400 459 1434 ut
472 1400 530 1434 antea
541 1395 609 1445 idolis;
625 1401 644 1434 ct
655 1398 723 1442 danaae,
737 1393 807 1432 iisdem
817 1405 852 1431 vos

81 1451 104 1489 de
120 1450 193 1501 iateqro
211 1450 321 1498 elementis,
340 1450 410 1502 quibus
431 1454 488 1488 antea
507 1450 602 1488 servierat
620 1449 688 1489 Israel.
710 1447 760 1487 conf.
778 1450 852 1495 iterant,

80 1504 138 1543 Rom.
153 1510 172 1552 8,
188 1508 221 1547 15„
233 1509 272 1543 not.
287 1526 315 1532 —
329 1499 431 1553 «teledam,
451 1505 531 1557 servire)
545 1504 626 1555 indigne
643 1504 716 1544 liberis.
730 1525 758 1530 —
775 1501 853 1549 θέλετε,

80 1557 146 1611 vultis)
161 1558 208 1597 Vid.
222 1572 241 1597 v.
256 1564 288 1601 21.
303 1558 442 1606 etMaro12,
457 1564 535 1602 58>not
551 1558 604 1613 [Non
616 1560 695 1611 quaevis
710 1557 790 1597 volendi
798 1556 853 1605 faci-

81 1613 125 1651 titas
138 1613 188 1652 bona
202 1620 234 1652 ast.
249 1613 290 1652 Col.
306 1617 370 1661 218.
385 1618 417 1655 25.
435 1612 461 1651 V.
476 1613 503 1669 gd

133 1681 152 1705 v.
168 1673 200 1710 10.
215 1663 303 1721 ἡμέρας)
318 1668 368 1707 dies:
382 1667 439 1706 Rom.
455 1670 486 1716 11,
501 1673 519 1711 5.
533 1668 546 1707 i.
561 1681 578 1707 e.
592 1669 678 1716 sabbata,
693 1667 734 1707 Col.
744 1672 761 1714 2,
771 1669 850 1709 16-1101·

80 1719 162 1760 sabbati
175 1727 252 1773 tempus
267 1723 352 1760 omnium
362 1721 534 1773 religiosissimum.
556 1722 658 1762 Notandus
672 1723 732 1774 igitur
746 1720 794 1760 ordo
805 1733 850 1771 gra-

80 1774 168 1824 dationis,
183 1776 226 1815 coll.
242 1776 334 1819 10lrron.
349 1782 381 1825 25,
395 1782 427 1819 at.
441 1777 531 1818 achron.
543 1783 575 1825 51,
585 1784 603 1819 5.
619 1772 726 1829 σάββατα,
741 1775 850 1824 νεομηνίας,

78 1827 161 1882 deotolt,
174 1831 260 1879 sabbata,
275 1832 380 1880 novilunia,
388 1830 449 1879 festa,
463 1832 483 1870 in
493 1832 579 1871 oratione
594 1831 709 1870 affirmante:
724 1843 769 1869 nam
780 1829 801 1867 in
810 1841 850 1867 ser-

78 1895 135 1922 mone
149 1885 265 1935 prohibente
279 1886 388 1924 invertitur.
403 1883 444 1924 Col.
458 1886 472 1924 l.
483 1900 499 1925 c.
513 1909 541 1914 —-
554 1885 723 1939 nupnrnpriot'ta)
739 1884 849 1931 observatis,

80 1939 135 1989 quasi
149 1939 187 1977 sint
201 1940 281 1991 aliquid,
292 1946 373 1990 praeter
386 1939 450 1977 fidem.
465 1963 491 1969 —
507 1940 543 1980 καί
558 1937 640 1994 καιρος,
657 1946 674 1978 a
688 1937 783 1991 tempora)
797 1950 851 1976 men-

79 1992 132 2031 sibus
146 1994 225 2044 majora,
240 2007 289 2032 anno
303 1994 387 2043 minora:
402 1994 414 2032 i
431 2007 447 2032 e.
461 1994 517 2033 festa.
532 2001 600 2036 ΝΜ
615 1993 680 2032 LXX
694 2007 754 2046 saepe
769 1990 850 2045 καιρός.

78 2067 105 2073 -
119 2043 224 2096 ἑοιαυτές,
238 2048 308 2099 annor)
323 2048 411 2086 solennia
423 2048 560 2097 anniversaria,
574 2062 594 2087 v.
603 2062 632 2100 gr.
647 2048 726 2089 ineunte
742 2060 792 2087 auno
806 2060 851 2087 oum

78 2113 143 2138 mense
158 2100 215 2139 Tisri¹
231 2115 294 2154 neque
309 2102 359 2140 enim
375 2115 434 2141 annos
444 2102 562 2150 sabbatioos,
577 2105 611 2155 qui
625 2109 689 2142 terrae
703 2103 783 2142 Canaan
797 2101 850 2141 affixi

79 2159 138 2205 erant,
154 2169 165 2193 a
180 2154 255 2194 Galatis
270 2156 384 2195 observatos
400 2156 482 2205 dixeris,
499 2170 612 2209 quanquam
626 2157 663 2197 sub
678 2171 749 2197 annum
763 2156 850 2196 sabbati-

79 2222 126 2255 cum,
141 2208 311 2254 AnrroDion.l18.
328 2211 421 2262 elapsum,
436 2211 510 2263 scripta
524 2218 554 2251 est
568 2212 617 2252 haec
632 2213 721 2265 epistola.
742 2212 789 2252 Vid.
801 2211 848 2251 Ora.

78 2269 133 2313 tenna.
148 2276 167 2313 p.
182 2268 229 2307 281.
243 2268 289 2308 125.
305 2262 351 2318 [Ed.
365 2266 394 2304 Π.
409 2279 428 2317 p.
444 2269 490 2310 242.
505 2265 559 2321 5611]

131 2330 151 2355 v.
166 2323 198 2370 11.
214 2316 280 2369 ὑμᾶς,
298 2319 340 2371 vos)
354 2319 399 2359 Non
412 2334 466 2369 mea,
485 2321 521 2360 sed
534 2327 601 2360 vestra
616 2334 675 2360 causa
689 2322 726 2361 ho'c
743 2323 808 2361 timec.
823 2344 850 2350 —

78 2369 105 2415 εἰς
119 2367 185 2421 ὑμᾶς)
199 2372 220 2411 in
234 2386 273 2412 vos.
301 2374 418 2425 Emphatica
431 2375 510 2414 locutio.

79 2476 84 2485 ι
131 2438 153 2486 v'.
166 2431 198 2468 tt.
212 2426 308 2488 ylpaotte,
327 2428 390 2480 estote)
406 2429 484 2478 Subito,
503 2426 539 2475 τές
553 2426 614 2482 λόγος
633 2436 748 2481 arpnnentn
762 2431 850 2469 docentia

77 2481 212 2529 mtermrttens,
226 2477 271 2530 η’θη
285 2484 321 2523 καί
334 2480 397 2532 ποῖθη
411 2490 525 2537 ornamenta
539 2484 661 2524 conciliantia
675 2491 693 2523 et
706 2485 801 2524 moventia
816 2485 850 2524 ad-

77 2538 152 2572 movet:
166 2548 185 2574 v.
201 2540 299 2578 11—2o.:
314 2550 397 2588 quorum
411 2538 524 2579 facultatem
538 2534 626 2590 quisquis
639 2540 763 2587 nonhabet,
782 2539 850 2593 (habet

79 2591 144 2626 eutem
159 2589 242 2628 earnalis
255 2591 321 2644 nemo)
336 2605 376 2631 non
389 2598 419 2631 est
432 2592 531 2645 perfectus
546 2593 619 2632 doctor.
638 2594 726 2646 inprimis
740 2594 773 2632 hic
786 2599 850 2633 tener-

78 2639 128 2703 rima
141 2643 224 2694 apostoli
237 2644 300 2695 pietas
311 2659 331 2686 se
347 2646 431 2686 demittit
443 2648 469 2687 ad
480 2647 570 2687 Galatas.
579 2674 605 2681 —
613 2644 641 2695 uic
651 2645 700 2701 ἐγώ,
714 2655 735 2689 nt
747 2648 788 2700 eqo)
798 2648 850 2687 Har-

78 2706 142 2736 moma
156 2698 261 2738 animorum
269 2703 366 2749 fraterna
377 2701 430 2751 facit,
444 2708 472 2749 nt,
487 2716 537 2756 quae
549 2703 648 2753 docentur,
663 2703 738 2742 facilius
753 2703 850 2755 accipian-

77 2754 142 2814 lssr32
153 2752 196 2793 Cor.
213 2760 230 2803 6,
246 2760 278 2798 15.
306 2756 341 2796 Ait
356 2769 412 2808 ergo:
434 2759 545 2810 conjungite
556 2771 591 2798 vos
605 2772 681 2799 mecum
694 2758 714 2797 in
728 2771 787 2797 seusu
802 2772 851 2811 erga

0 2815 3 2852 ζ
57 2828 60 2831 -
79 2802 181 2847 Christum.
202 2808 302 2849 Particula
311 2817 332 2850 at
342 2825 436 2851 summam
447 2813 600 2865 conjunctionem
613 2814 697 2852 denotat.
713 2813 762 2852 conf.
777 2813 849 2866 1Reg.

0 2865 2 2873 '
78 2864 110 2909 22,
119 2863 138 2905 [ι.
152 2884 180 2891 -
193 2861 258 2918 ap'yai,
272 2865 329 2905 etiarn
344 2867 385 2921 apo)
401 2868 442 2907 scil.
456 2883 504 2909 snm.
514 2893 540 2901 —-
554 2866 582 2916 ὠς
596 2865 660 2921 ὑμεῖς,
672 2874 693 2907 nt
703 2867 745 2921 voa)
755 2868 850 2909 Vestrum

106 2999 123 3044 l)
136 3000 233 3059 i'led'Dai]
246 3004 285 3059 llid.
298 3005 343 3050 App.
356 3006 376 3040 P.
389 3007 412 3042 Π,
426 3007 449 3041 ad
460 3009 478 3042 lr.
490 3009 503 3042 l.
516 3009 548 3043 ubi
559 3008 652 3053 multiplex
663 3005 740 3041 varietas
755 3008 849 3053 probabile

137 3050 202 3094 reddit,
222 3055 257 3087 &aa
274 3054 359 3088 insertum
376 3066 414 3090 esse
431 3068 453 3091 ex
470 3057 519 3092 Rom.
533 3062 553 3100 8,
567 3062 595 3097 17.
613 3056 654 3091 Not.
671 3056 708 3091 crit.
726 3075 749 3081 -—
766 3057 850 3093 Attamen

136 3109 197 3142 marpo
209 3100 241 3135 Ed.
254 3108 270 3139 2.
283 3102 400 3147 minasfavet
412 3105 504 3151 arnissioai,
518 3111 534 3142 at
545 3106 595 3141 rere.
608 3116 662 3151 germ.
674 3116 732 3140 aaran
744 3106 785 3150 Dei,
798 3108 849 3152 qnasi

137 3157 172 3182 non
185 3148 265 3195 (ltaliam,
278 3150 364 3198 exprimit.
388 3153 409 3189 E.
422 3154 443 3190 Β.
781 3162 789 3167 “’

667 3198 706 3245 0⁶2
