1922 3513
120 224 157 275 ιιοο
197 204 199 206 ’
221 245 224 247 -
398 220 470 259 aeon.
482 221 517 265 111,
531 225 613 260 14-18.

122 314 189 367 super)
203 314 216 354 1,
231 329 248 355 e.
263 332 306 358 cum
320 320 392 371 tepent,
408 323 436 367 et,
450 317 524 356 tnrnetsi
538 319 606 369 tepent.
620 329 648 346 ·—-
664 311 792 369 ἀναγνώσει)
806 312 888 360 lectione,
959 337 961 340 s

123 369 208 420 publica,
222 370 325 424 frequenti,
339 378 440 425 perpetua.
462 372 542 411 Limitat
555 372 640 412 Paulus:
654 371 744 409 velamen
753 380 791 407 non
805 371 835 405 est
847 379 890 417 Jam

123 424 143 462 in
157 423 207 463 faule
221 425 288 475 Musis,
303 428 370 466 autin
384 427 461 479 scriptis
476 426 527 477 ejus,
542 427 577 465 sed
590 426 705 473 intentione,
720 423 766 463 dum
778 421 848 460 Mosen
862 419 889 457 le·
959 424 961 453 1

124 484 178 529 gunt,
194 484 213 518 et
227 481 306 533 quidem
319 482 352 529 ita,
363 486 388 520 ut
402 482 500 520 Christum
513 494 552 518 non
567 480 678 529 admittant,
691 479 743 526 item,
755 489 814 528 τιιριν
828 474 889 513 corde.

124 546 143 572 V·
158 537 190 577 15.
206 556 233 564 -
246 535 315 586 μένει,
331 534 361 588 μή
375 530 584 587 ᾰνακαλυπτείμενον)
598 541 663 575 maizei
675 532 809 587 superjacens,
829 530 857 568 ita
870 534 891 575 ut

124 602 149 628 ue
162 596 259 643 retepatuu
273 593 353 644 quidem.
361 613 388 618 -
398 589 442 639 ὅτι)
457 590 503 641 quta
515 590 554 628 nuri
567 591 605 628 nisi
618 592 639 629 in
651 590 725 629 Christo
738 590 828 628 aboletur.
843 584 890 623 Pro-

125 645 195 696 positio
210 658 280 693 eorum,
295 659 345 697 qnae
360 650 474 696 sequuntur.
488 667 516 673 -
529 644 676 698 καταργεῖται,
690 642 784 696 aboletur)
799 646 852 681 cetus
866 645 890 678 te-

125 705 243 739 stamentum.
258 701 312 741 conf..
323 700 398 738 omnino
412 712 431 737 v.
447 704 465 741 7.
480 703 511 741 11.
525 703 556 741 15.
584 699 694 748 Non-dicit,
708 699 798 739 abolitum
812 701 843 744 eat,
855 693 891 734 sed

126 754 219 802 aboletur,
234 759 323 804 respectu
339 752 518 792 convertendorum.
551 766 553 769 ’

179 821 198 845 v.
214 813 245 850 15.
259 804 302 847 a'tt’
316 808 361 855 ἕως,
375 809 409 846 sed
421 805 490 858 usque)
503 805 543 845 Sed
556 806 659 857 opponitur
673 807 702 858 τῴ
713 820 752 846 νιονι
762 805 892 856 καιρίαν.-

125 857 196 913 ἡνίκα)
210 861 254 900 Hoc
268 874 306 899 uno
323 861 366 899 loco
381 860 456 899 Paulus
474 860 511 898 hoc
525 859 618 898 adverbio
631 860 701 899 utitur:
720 861 798 898 videtur
816 858 834 896 ei
847 858 892 896 hae-

125 915 173 954 sisse
189 928 213 953 ex
226 915 300 954 recenti
318 915 400 954 lectione
418 916 460 954 τῶν
473 913 545 961 LXX,
566 914 603 952 Ex.
618 914 631 952 1.
646 929 662 953 c.
680 936 708 941 -
724 909 893 965 α’ναγιναίσκεται

124 968 218 1018 audatia,
233 970 301 1020 tepitur
314 968 400 1021 mapsa)
415 967 524 1018 etquidem
538 967 615 1015 obnixe,
630 969 671 1007 sine
686 967 756 1006 intuitu
771 965 848 1005 Christi.
863 977 893 1003 se-

126 1022 191 1072 quitur
206 1022 323 1070 antitheton,
338 1036 381 1061 cuna
395 1035 440 1060 νει-ο
454 1035 565 1060 anteversum
579 1023 619 1061 erit.

178 1089 198 1114 ν.
215 1081 247 1120 16.
260 1076 322 1127 anina
338 1073 357 1117 δ’
373 1072 399 1116 dv
410 1099 436 1106 —
446 1076 586 1129 περιαιρεῖται
600 1071 625 1117 τί
639 1070 744 1127 altanus,
759 1087 817 1125 quum
831 1078 893 1112 autent
958 1090 961 1130 3

125 1132 250 1180 -aufertur
263 1130 358 1181 nelanzen)
371 1130 458 1170 Parodia
470 1132 520 1170 haec
534 1136 563 1170 est
578 1130 653 1170 atur.
661 1133 739 1179 51151,
753 1127 816 1179 ἡνίκα
831 1125 851 1168 δ’
867 1126 893 1168 νίν

126 1182 267 1239 εἰσεπορεύετο
286 1185 373 1236 μωὺἀῆς
391 1184 462 1227 ἔναντι
478 1185 546 1237 Καρία
564 1185 631 1226 λαλεῖν
651 1183 716 1238 αὐτῷ,
735 1182 851 1241 περιῃρεῖτο
869 1178 895 1223 το
960 1208 961 1211 =

127 1236 231 1291 κάλυμμα.
258 1241 322 1291 Igitur
336 1237 405 1290 ἡνίκα,
419 1240 488 1288 nonai,
503 1239 609 1292 sedquuan,
623 1240 682 1291 plane
693 1240 779 1286 affirmat,
793 1237 822 1276 uti
835 1249 894 1276 versu

126 1307 192 1346 praec.
208 1300 227 1333 et
241 1295 294 1347 apud
307 1294 370 1333 LXX
384 1295 462 1347 passim.
479 1292 539 1343 ἡνίκα
554 1291 603 1343 εἰῖν,
619 1292 679 1343 ἡνίκα
695 1290 733 1342 ἂν,
751 1292 799 1332 Gen.
814 1294 893 1346 21,11.

128 1353 160 1396 27,
175 1350 259 1391 10131(-
275 1356 293 1398 1,
308 1355 340 1391 to.
355 1352 386 1398 51,
401 1352 433 1392 21.
450 1349 499 1387 Lev.
514 1354 532 1396 6,
547 1351 565 1391 lt·
581 1354 612 1396 10,
626 1355 645 1392 9.
663 1348 722 1387 Dent.
739 1353 771 1396 25,
786 1351 817 1389 19.
833 1345 894 1407 ἡνίκα

128 1400 150 1443 d’
165 1398 199 1452 aiv,
213 1404 251 1442 Ex.
266 1410 297 1452 55,
311 1409 330 1446 8.
341 1409 373 1447 22.
387 1407 420 1451 ltss,
429 1409 461 1446 55.
475 1425 503 1430 -
518 1402 629 1457 ἕπιςρίψῃ,
645 1416 756 1442 οοιινινοιιννι
769 1401 813 1454 erit)
828 1400 894 1448 scitu
960 1449 961 1453 Ἰ

128 1456 217 1510 καρδία,
231 1472 269 1497 τον.
297 1458 438 1509 Resipisccndo
452 1458 524 1496 veritas
540 1460 656 1507 agnoscitur.
672 1457 742 1500 2Tim.
758 1462 776 1503 2,
791 1461 823 1498 25.
851 1453 895 1492 Non

129 1508 270 1562 disputationis,
285 1512 320 1550 sed
332 1512 462 1550 conversionis
475 1510 578 1549 methodus
588 1523 635 1563 erga
642 1510 729 1551 Judacos
740 1508 851 1549 adhibenda
859 1513 894 1545 est.

128 1587 155 1596 ——
169 1560 223 1616 προς
237 1562 322 1617 κύριον,
338 1567 365 1603 ud
377 1565 491 1618 Dourinuni)
506 1564 608 1603 Christum.
623 1580 641 1603 v.
657 1565 734 1607 111111,
761 1562 846 1614 Insignis
862 1575 895 1612 ap-

127 1618 214 1669 pellatio.
229 1633 245 1657 c.
260 1621 279 1666 [1,
294 1622 312 1661 5.
321 1640 348 1646 -
362 1619 513 1673 περιαιρεῖται)
527 1619 673 1672 περιαιρὲμαι,
686 1618 786 1670 passivum
800 1619 835 1665 est,
850 1615 894 1654 Act.

128 1676 160 1720 27,
175 1678 206 1715 20.
223 1678 242 1712 et
256 1673 309 1725 apud
323 1673 391 1721 LXX,
405 1672 454 1712 Lev.
468 1676 487 1721 1,
502 1678 534 1716 51.
549 1678 581 1715 55.
596 1673 631 1712 sed
644 1673 743 1721 Medium,
759 1672 813 1725 apud
826 1670 895 1719 LXX,

127 1740 229 1780 persaepe,
244 1733 263 1766 et
278 1728 357 1779 quidem
372 1741 394 1766 eo
409 1740 486 1779 quoquc
500 1728 549 1776 loco,
565 1740 622 1779 quem
635 1727 709 1767 Paulus
723 1728 808 1780 respicit.
830 1725 895 1765 Passi-

128 1795 174 1820 vam
186 1788 251 1821 tamen
265 1782 425 1834 significationem
436 1782 505 1821 suadet
518 1782 537 1821 11.
549 1782 562 1820 1.
577 1783 685 1821 antitheton
698 1796 766 1821 versus
777 1787 808 1825 15.
823 1785 842 1819 et
851 1785 895 1823 tn:

127 1838 214 1876 uelamen
222 1840 286 1886 jacet:
300 1839 387 1876 uelamen
396 1840 491 1886 (infertur.
507 1836 609 1886 Praesens,
618 1851 644 1875 τιτι
655 1844 713 1886 eatur,
722 1837 822 1889 emphasin
829 1835 895 1874 habet.

183 1905 202 1929 V·
218 1896 249 1934 17-
265 1889 276 1933 ὁ
291 1892 312 1932 δὲ
326 1888 400 1945 κύριος·
413 1887 440 1932 ao*
453 1887 537 1942 πνεῦμα
551 1889 607 1941 ε’ςιν,
626 1893 721 1931 Dominus
735 1898 798 1931 autern
812 1889 897 1941 Spiritus

129 1944 165 1998 est)
180 1945 299 1997 Snbjectum,
313 1947 414 1985 Dominus.
443 1944 531 1984 Christus
545 1957 583 1984 non
598 1951 627 1984 est
640 1946 704 1994 litera,
718 1946 754 1985 sed
768 1950 797 1985 est
806 1943 896 1997 Spiritus,

130 2004 150 2037 et
155 2000 205 2051 finis
219 2000 270 2051 lepis.
292 1999 384 2038 Sublimis
399 1999 512 2038 enunciatio.
528 2000 577 2038 conf.
591 1999 642 2038 Phil.
652 2006 669 2049 1,
678 2006 709 2043 21.
724 1999 768 2038 Gal.
777 2007 794 2048 5,
805 2004 837 2042 lb·
849 1998 897 2037 Par-

129 2053 190 2092 ticula
204 2061 267 2092 atatem
282 2053 371 2102 ostendit,
384 2054 422 2092 hoc
435 2066 494 2092 versu
509 2053 604 2093 declarari
614 2054 770 2106 praecedentem.
792 2053 897 2092 Conversio

128 2107 151 2146 fit
165 2108 191 2146 ad
204 2107 319 2155 Dominum,
332 2112 355 2146 ut
368 2108 462 2158 spiritum.
479 2130 505 2136 —-
519 2104 533 2146 ὖ
548 2108 568 2148 δὲ
583 2104 607 2148 zo*
621 2108 703 2160 πνεῦμα
719 2108 790 2160 nupia,
808 2108 840 2146 uti
852 2121 897 2146 nero

129 2162 216 2212 Spiritus
229 2162 318 2215 nonina
332 2161 372 2201 Ubi
381 2161 468 2199 Christus
483 2166 518 2209 est,
532 2161 605 2200 ibidem
615 2162 699 2213 Spiritus
714 2162 796 2202 Christi:
810 2161 897 2213 111118111-

129 2216 178 2256 ritus
194 2215 275 2264 Christi,
293 2216 321 2255 ibi
333 2215 426 2254 Christus.
441 2214 497 2253 Rom.
512 2220 531 2262 8,
545 2220 564 2257 9.
574 2229 589 2255 s.
618 2216 658 2256 Ubi
673 2217 761 2256 Christus
779 2222 798 2255 et
813 2216 897 2268 Spiritus

130 2271 178 2322 ejus,
186 2270 215 2317 ibi
224 2270 311 2310 libertas¹
326 2269 371 2310 JOh-
377 2275 396 2319 8,
404 2275 437 2313 56.
452 2268 496 2308 Gal.
505 2272 524 2316 lt,
534 2275 552 2312 a.
561 2282 576 2308 s.
584 2292 611 2297 -
620 2270 674 2319 ἐκεῖ)
686 2272 712 2310 ibi
719 2271 834 2310 demum-
842 2271 898 2312 ἐλεα-

129 2325 203 2379 θερία)
215 2327 297 2375 libertus,
312 2326 401 2377 opposita
412 2324 507 2372 neiuniiui,
522 2324 620 2364 servitutis
635 2326 729 2377 symbolo.
744 2325 898 2376 libertitaadspi-

130 2378 196 2420 ciendi
208 2381 250 2419 sine
263 2380 332 2419 timore
345 2380 390 2428 tali,
405 2379 483 2432 qualem
496 2378 595 2419 habebant
609 2380 643 2419 filii
656 2380 803 2419 quernae.
818 2383 850 2427 511,
865 2385 897 2422 50.

183 2449 203 2475 v.
218 2441 250 2479 18.
265 2431 322 2485 ἡμεῖς
337 2434 358 2476 da*
373 2431 461 2483 πάντες,
478 2448 513 2473 nos
526 2448 571 2474 uero
585 2434 658 2490 ornares)
671 2449 716 2485 noe,
734 2435 820 2475 Ministri
834 2435 859 2475 N.
873 2435 897 2474 T.

71 2536 73 2539 ι
130 2502 199 2529 oannes.
215 2489 322 2528 antitheton
334 2489 359 2528 ad
370 2503 431 2528 unum
442 2490 515 2528 rlsosen.
529 2503 548 2528 v.
558 2495 588 2532 15,
598 2514 625 2519 -
633 2490 820 2543 ἀνακεκαλυμμένῳ
831 2505 898 2543 προσ-

130 2540 192 2594 ru'urp]
201 2544 258 2593 facie
271 2550 337 2582 nostra
351 2550 421 2582 retecta
432 2557 480 2594 erga
493 2544 585 2583 homines.
600 2558 645 2584 narn
660 2558 707 2596 erga
720 2545 823 2583 Deumsne
836 2545 898 2583 Masis

131 2597 211 2649 quidem
223 2597 284 2636 facies
299 2602 340 2635 erat
353 2597 425 2636 velata.
453 2597 579 2647 Antitheton,
599 2606 694 2650 opertum,
713 2613 729 2638 c.
746 2602 764 2647 lt,
779 2605 797 2641 5.
816 2624 842 2630 -
859 2594 899 2648 aria

131 2648 204 2703 δόξαν,
221 2650 313 2705 plocium)
332 2651 454 2702 majestatem
472 2650 563 2690 divinam.
580 2675 608 2681 —
626 2652 697 2705 κυρία,
713 2651 801 2705 Domini)
820 2651 898 2691 Christi.

130 2705 327 2760 κατοπτριζόμενοι)
343 2705 437 2744 Dominus
447 2718 482 2744 nos
495 2706 634 2760 κατοπτρίζει,
648 2709 768 2757 splendorem
782 2707 838 2746 faciei
852 2719 899 2747 suae

130 2761 151 2801 in
166 2761 225 2801 corda
238 2765 305 2801 nostra
318 2767 411 2812 tunquam
424 2760 444 2799 in
458 2762 536 2811 specula
556 2760 665 2800 inaniittena:
683 2775 719 2808 nos
737 2762 792 2801 illum
809 2761 899 2816 splendo-

131 2828 172 2855 rem
186 2816 301 2869 suscipimus
316 2820 336 2854 et
347 2815 454 2853 referimus.
475 2814 561 2865 Elegans
577 2815 683 2861 antitheton
698 2816 723 2855 acl
737 2816 899 2868 ἐντετυπωμένη,

130 2872 233 2923 insculpta.
260 2870 311 2910 Nam
326 2883 376 2923 quae
390 2870 530 2919 insculpantur,
543 2868 592 2908 fiunt
600 2871 713 2922 paullatim:
728 2872 810 2923 quaein
823 2873 899 2923 speculo

130 2932 307 2978 repraesentantur,
321 2926 370 2966 fiunt
384 2923 524 2964 celerrime-
536 2919 574 2974 τήν
589 2922 668 2978 adreio)
683 2927 767 2975 eundern,
783 2940 826 2967 cum
840 2927 899 2965 simus

131 2981 193 3021 multi.
220 2982 296 3021 Eadem
309 2981 384 3033 gloriae
399 2979 471 3019 Christi
488 2978 509 3017 in
522 2983 551 3017 tot
566 2978 655 3020 fidelibus
671 2983 781 3034 expressio,
799 2982 900 3021 character

132 3035 226 3075 veritatis.
241 3060 267 3066 -
281 3032 359 3085 εἰκόνα,
374 3032 485 3088 iinnpinent)
499 3033 584 3083 Donu'ui,
599 3036 708 3087 gloriosam.
724 3063 749 3069 -
763 3031 900 3089 μεταμορριί-

131 3094 195 3146 μεθα,
210 3090 383 3147 trunp‘onnaniur)
397 3089 491 3131 Dominus
500 3090 579 3140 furiunt
602 3090 659 3131 celeri
675 3092 780 3147 scriptura,
795 3090 900 3145 imaginem
