1922 3513
331 220 401 258 lGOR.
414 221 453 263 XII,
467 226 543 260 16—28.
784 227 819 260 153

104 331 123 356 v.
134 322 166 359 15·
182 315 207 358 ri
216 312 259 365 σῧς,
273 315 336 368 auris)
349 329 395 368 pars
408 316 471 355 minus
480 317 557 356 nobilis.
570 343 596 350 -
615 313 734 368 ὀφθαλμός,
745 317 819 370 oculas)

52 387 97 430 pars
111 371 244 420 nobilissima,
266 376 285 410 et
297 371 381 410 maxime
396 368 514 423 iiyrpovcan'.
532 372 582 411 conf.
597 371 655 410 Num.
665 376 696 419 10,
706 378 738 415 51.
758 373 820 412 Visus

52 431 138 484 praestat
153 426 233 465 auditui.
255 440 273 464 v.
285 431 316 469 17.
329 431 360 468 21.

105 507 124 531 v.
135 497 166 534 17.
186 492 205 531 εἰ
216 488 264 531 ὅλον
278 486 342 540 anari,
362 490 380 528 si
393 495 451 528 totam
465 490 526 542 cirris)
548 490 592 528 Nou
607 489 687 538 dicitur,
702 497 720 529 et
733 491 755 529 si.
775 504 821 530 nam

53 547 167 590 subauditur
181 546 201 583 in
213 544 250 583 fine
264 557 336 602 uersus
349 540 373 586 ao*
388 550 420 583 aa
439 545 482 593 vel,
502 546 520 584 si
533 552 591 584 totnin
604 547 697 594 offacias,
711 546 744 584 abi
754 552 821 597 pastas

53 612 69 645 et
82 602 156 643 tactas?
272 602 274 605 ⁴

105 681 124 706 u.
137 670 170 709 18.
185 660 258 711 natiuis
268 661 377 715 ἠθέλησεν,
392 665 441 703 sicat
451 663 517 717 coierit)
531 664 576 703 Non
586 663 679 703 debemus
689 664 741 703 ultra
753 664 821 703 volun-

52 729 112 765 tatem
120 721 159 760 Dei
171 718 221 758 alias
235 732 300 758 rerum
313 731 381 758 causas
391 719 491 770 requirere
503 719 592 758 altiores:
613 720 722 768 infraeam
733 720 821 758 volunta-

53 786 91 819 tem
106 775 241 829 philosophari
253 774 282 814 fas
296 779 337 823 est3
360 773 384 812 de
395 773 467 813 mundo
480 774 562 826 optimo,
584 779 606 813 ut
617 775 716 826 apostolus
727 774 764 813 hoc
777 774 821 813 loco

54 835 78 873 de
92 843 172 882 corpore
186 830 270 868 humano
284 829 361 881 optimc.

106 917 125 941 v.
137 907 169 945 20.
184 898 195 941 ἲ
198 918 207 941 ν
220 902 241 942 δὲ
252 901 323 951 σῶμα,
338 914 398 939 tanain
408 914 453 940 aero
467 899 545 954 corpas)
560 901 592 940 Ex
602 902 640 940 hac
650 901 725 940 unitate
735 901 823 952 sequitur

53 963 120 1000 mutua
132 956 262 996 membrorum
274 955 387 1007 indigentia.

107 1044 126 1069 v.
136 1034 168 1072 21.
183 1027 263 1082 χρείαν,
278 1027 335 1081 opas)
350 1027 395 1066 Huc
406 1027 441 1066 ref.
454 1028 569 1066 necessaria.
584 1042 603 1067 v.
614 1034 646 1071 22.
661 1051 689 1057 -
708 1022 822 1081 ἦκεραλή,

54 1084 119 1138 capnt)
133 1097 179 1136 pars
194 1096 274 1122 summa.
414 1081 417 1084 '

108 1163 127 1188 v.
138 1156 170 1192 22.
185 1146 321 1200 σ’σθενὲςερα,
336 1147 356 1186 in
369 1147 450 1200 alciora)
465 1160 543 1196 manus,
559 1147 584 1186 ad
598 1148 675 1187 oculum
690 1148 767 1187 collata.

109 1229 128 1253 v.
138 1221 170 1257 25.
185 1208 307 1265 ἀτιμότερα,
319 1213 441 1266 ipnotitiora)
455 1218 477 1252 ut
485 1213 552 1264 pedes.
567 1212 714 1264 Comparativus
723 1212 822 1250 molliens:

54 1270 153 1323 ipaobilia,
168 1267 247 1320 gravius
259 1272 306 1304 erat.
324 1268 355 1305 Ea
365 1273 429 1306 autem
443 1269 470 1306 sic
480 1273 548 1315 vocat,
563 1281 614 1319 quae
624 1267 711 1305 vestibus
723 1271 822 1317 teguntur.

54 1348 80 1354 —
90 1318 207 1374 σὶσχήμσνα,
218 1321 326 1374 inhonesta)
336 1335 386 1372 quae
395 1328 453 1373 egent
464 1322 523 1360 cultu.
535 1344 562 1349 —
570 1317 670 1371 τιμῆν-
681 1319 822 1372 περιτίθεμεν)

55 1379 88 1418 Sic
100 1376 173 1425 LXX,
188 1375 243 1414 Eslh.
256 1381 273 1423 l,
289 1381 324 1417 20:
346 1371 477 1427 aspcbrioeaa
491 1374 562 1426 τιμήν.
582 1376 629 1413 item
642 1376 701 1414 Prov.
717 1381 748 1424 12,
762 1379 781 1417 9.
796 1398 823 1406 -

56 1431 105 1487 ipa,
120 1430 198 1484 landent)
213 1443 224 1468 a
239 1435 334 1478 curatura,
350 1443 400 1482 quae
415 1430 498 1481 abaliis
512 1429 603 1469 membris
617 1434 733 1482 praestatur.

108 1518 127 1543 v.
137 1506 170 1546 24.
185 1499 210 1543 ου’
221 1502 292 1556 χρείαν
301 1500 354 1555 ἔχει,
369 1517 408 1542 νον
419 1517 468 1554 opas
476 1502 554 1556 nectent)
576 1502 628 1553 Quid
639 1497 699 1554 igitur
710 1515 768 1554 opus,
782 1500 823 1553 pla-

54 1572 89 1598 nas
102 1572 163 1610 genas
173 1557 244 1596 muscis
256 1556 362 1610 (nannetes)
377 1556 514 1609 distinguere?
527 1580 555 1586 —
574 1556 706 1612 συνεκέρασε)
721 1562 824 1608 contenan-

55 1614 111 1653 rccit.
126 1634 154 1641 —
167 1608 241 1667 capric,
257 1611 355 1664 honoreac)
371 1611 424 1650 Conf.
435 1626 454 1650 v.
464 1618 495 1655 25.
507 1612 549 1650 init.

109 1699 127 1724 v.
139 1688 171 1727 25.
186 1680 239 1737 ὑπὲρ
253 1677 346 1729 itiitere
355 1685 482 1738 parpapnioc,
494 1698 533 1735 pro
542 1698 562 1723 se
575 1684 655 1723 inuicem
669 1682 744 1736 cierent)
757 1681 782 1720 Id
791 1694 823 1720 ex-

55 1740 138 1792 plicatur
152 1750 211 1777 versu
225 1750 266 1788 seq.
294 1737 374 1776 Plurale
386 1740 502 1792 μεριμνῶσι
517 1752 583 1777 curam
597 1738 681 1777 omnium
692 1736 823 1775 membrorum

57 1794 168 1847 expressius
180 1797 242 1851 notat,
257 1805 315 1843 quam
329 1792 346 1830 si
360 1792 426 1831 Attice
441 1792 538 1831 diceretur
551 1791 648 1846 μεριμνᾷ.

109 1880 129 1904 v.
141 1871 172 1908 26.
194 1863 311 1917 orypaz'pac)
324 1866 455 1915 protestantur.
480 1864 506 1903 Et
516 1865 564 1913 hoc,
579 1868 598 1903 et
613 1865 765 1915 conpatientes,
784 1876 825 1902 non

56 1921 118 1959 solum
133 1920 231 1966 affectum,
246 1918 353 1957 sedetiam
368 1918 457 1957 effectum
472 1918 556 1958 denotat.

109 2007 128 2032 v.
139 1998 171 2035 27.
190 1991 212 2031 ἐκ
225 1990 298 2044 pipern,
312 2003 337 2028 ea
347 1989 414 2042 parte)
429 1990 473 2029 Hoc
487 1991 552 2039 addit,
568 1991 666 2043 quianon
680 1990 716 2030 soli
730 1989 826 2030 Corinthii

56 2052 111 2086 erant
120 2047 194 2098 Corpus
204 2043 275 2082 Christi
286 2048 305 2081 θῒ
314 2045 406 2083 membra.
422 2059 438 2083 0.
450 2048 481 2094 M,
492 2052 524 2090 5ss
544 2047 610 2088 Etiam
621 2046 685 2085 Roma
693 2046 740 2085 satis
751 2045 824 2084 habere

56 2101 153 2149 debebat,
167 2100 184 2139 si
198 2099 223 2137 sit
236 2111 261 2136 eac
271 2104 335 2148 parte.

55 2206 56 2209 ,
108 2187 127 2211 ν.
141 2176 172 2215 28.
187 2170 217 2218 ἐν,
231 2169 260 2223 ia)
280 2169 318 2218 Sic,
332 2169 362 2219 ἐν,
376 2171 402 2219 in,
416 2185 435 2209 v.
449 2177 481 2216 18.
501 2187 544 2213 cum
558 2173 627 2213 eodem
640 2174 701 2213 verbo
712 2173 784 2225 poscit.
797 2193 825 2200 —-
887 2190 889 2193 ·

55 2228 149 2280 πρῶτον,
164 2224 260 2277 priniana)
280 2224 383 2276 Apostoli,
400 2239 439 2265 non
452 2227 523 2268 Petrus
538 2242 634 2277 seorsum,
650 2229 671 2267 in
684 2229 747 2281 primo
762 2227 825 2279 gradu

55 2287 110 2331 sunt,
127 2280 187 2319 ceteri
195 2292 227 2318 eos
237 2284 350 2330 sequuntur,
363 2286 434 2319 natura
442 2283 505 2332 officii,
517 2289 609 2336 tempore,
623 2284 724 2335 dignitate,
733 2283 824 2321 utilitate.

55 2332 214 2389 -προφνξτας,
225 2334 342 2387 propbetas)
358 2334 470 2384 Act-15,1.
489 2339 514 2367 -“
535 2339 605 2392 τρίτον
618 2332 756 2384 διδασκσῖλσς,
770 2338 824 2375 tertio

56 2388 148 2441 doctores)
163 2390 256 2428 Doctores
270 2388 385 2427 eminentem
399 2390 464 2430 locum
474 2392 556 2441 habent,
575 2404 623 2443 prae
634 2391 658 2430 iis
672 2391 729 2443 ipsis,
745 2391 778 2442 qui
790 2391 824 2429 aii-

55 2446 124 2483 cacnla
137 2443 201 2482 edunt.
230 2442 270 2481 Sub
284 2444 385 2495 prophetis
400 2450 419 2483 et
435 2445 546 2485 doctoribus
562 2446 683 2485 contiuentru·
698 2445 756 2484 etiam
767 2459 824 2484 evan-

56 2499 143 2549 gelistae,
159 2502 281 2550 etpastores,
296 2498 340 2536 coll·
352 2498 430 2550 Ephe,
440 2506 471 2543 11.
485 2528 510 2533 -
523 2499 604 2550 ἔνιεσσ,
618 2500 693 2553 aetnae)
708 2500 778 2539 Cetera
792 2513 825 2552 ge-

56 2566 103 2591 nera
111 2566 149 2591 nou
160 2552 304 2603 distinguuntur
311 2553 402 2592 numeris.
416 2579 442 2585 —-
455 2550 561 2606 δυνάμεις,
570 2555 683 2609 potestates)
697 2554 825 2594 Abstractum

56 2620 91 2657 pro
101 2612 196 2655 concreto,
210 2607 267 2645 etiam
274 2607 294 2645 in
302 2608 433 2659 sequentibus.
443 2632 470 2637 -
481 2606 613 2664 σῖνιιλήψεις,
627 2605 769 2662 κυβερνήσεις,
785 2611 825 2661 opi-

56 2663 165 2709 tnlationcs,
179 2662 335 2716 paibcrnatio'nes)
351 2662 503 2704 &aeternitates
517 2669 599 2716 gerunt,
621 2665 655 2716 qui
669 2665 745 2702 clavum
759 2664 780 2701 in
795 2677 824 2703 eo-

57 2715 116 2755 clesia
125 2721 202 2765 teneut3
219 2717 361 2766 opitulationes,
378 2719 420 2769 qui,
440 2733 483 2758 cum
493 2720 633 2770 gubernatores
645 2732 684 2757 non
697 2718 745 2765 sint,
759 2722 825 2757 tamen

56 2770 128 2808 virtute
136 2770 221 2822 quadam
230 2770 264 2809 vel
272 2770 366 2810 facultate
374 2773 455 2824 pollent,
468 2788 507 2826 qua
516 2773 620 2813 fulciantur
629 2773 667 2813 alii.
683 2771 732 2810 conf.
740 2786 756 2810 c.
766 2779 797 2822 15,
805 2779 825 2816 5.

56 2822 112 2863 Haec
125 2824 163 2863 duo
172 2837 210 2863 non
221 2831 369 2865 reassumuutur
377 2840 436 2867 versu
446 2834 478 2871 50.
493 2828 604 2880 Principes,
618 2833 640 2867 ut
651 2827 690 2878 ipsi
701 2826 826 2866 christianam

56 2876 114 2917 fidem
128 2878 257 2927 admiserunt,
280 2881 426 2931 opitulationum
440 2889 459 2922 et
471 2884 630 2936 paternationum
648 2881 686 2921 sibi
703 2886 770 2933 partes
783 2882 825 2920 vin-

58 2931 155 2993 dicarunt:
169 2933 222 2972 initio
238 2939 303 2972 autern
313 2935 332 2983 ii,
347 2937 381 2988 qui
394 2938 514 2985 auctoritate,
528 2937 637 2990 prudentia,
652 2935 722 2987 opibus
734 2936 755 2973 in
764 2936 826 2975 eccle·

58 2998 86 3024 sia
99 2987 235 3038 praestabant,
251 3000 295 3026 earn
306 2989 437 3031 sublevabant
451 2998 470 3031 et
482 2992 622 3044 gubernabant.
643 2990 761 3031 Gubernatic
775 2992 827 3031 circa

58 3045 138 3095 externa
145 3046 245 3081 versatur:
261 3042 305 3080 ideo
314 3043 399 3096 Spiritus
407 3060 450 3086 eam
460 3047 549 3086 iuferiora
558 3046 600 3084 loco
611 3049 705 3084 recenset.
721 3070 748 3078 -
763 3046 827 3100 ἑρμη-

57 3092 112 3141 νείας
127 3095 238 3149 γλωσσῶν,
252 3096 418 3150 interpretationes
432 3100 551 3155 tinpaainai)
570 3100 614 3153 Non
625 3099 703 3139 videtur
718 3112 761 3139 esse
775 3100 826 3153 glos·
865 3150 867 3152 q
