1922 3513
306 235 366 271 ROM.⁴
374 233 405 277 IV,
417 238 445 271 25.
470 231 496 274 V,
510 229 563 270 1-5·
791 233 812 274 st

0 366 3 377 ,
45 338 163 379 obedienter.
177 355 203 362 —
219 330 336 378 δικαίωσιν,
345 326 510 381 justificationem)
521 323 615 365 Verbale.
642 322 688 363 Diff.
704 335 716 362 a
731 323 815 363 aiecio*

0 379 3 426 i
44 388 108 439 σύνη,
124 389 206 439 justitia.
231 386 291 425 Fides
303 397 329 422 ex
339 382 480 423 resurrectione
495 379 567 420 Christi
583 378 636 426 fluit,
651 376 741 429 adeoque
754 376 814 416 etiam

0 437 2 469 i
40 443 158 497 justificate.
181 441 222 480 eol.
232 447 250 489 2,
262 445 294 482 12.
310 437 413 486 lPetr.-1,
424 442 456 480 21.
476 434 536 475 Ratio
546 433 582 472 snb
594 445 633 484 qua
643 433 664 471 in
675 432 740 470 Deum
753 431 814 469 credi·-

3 506 4 510 ’
44 510 96 536 mus:
111 496 156 546 qnia
166 494 290 534 resuscitavit
303 490 356 531 ac.
379 491 422 530 Nee
438 495 550 529 tamennos
564 500 603 526 non
614 485 710 539 justificat
723 482 814 536 obedieug

43 553 71 591 tia
83 549 103 589 J.
114 550 135 588 O.
150 554 170 587 et
183 547 262 600 sanguis
276 545 343 598 ipsius.
364 545 404 585 vid.
419 550 464 598 ⁰·.5›
477 549 510 588 25.
525 547 589 592 5,19.

307 660 479 713 CAPUT
514 661 543 710 V.

95 765 143 810 al.
158 759 315 803 Λικυιωθὲνῑες
329 752 355 798 ἔν
369 753 391 797 ἐκ
406 755 489 805 πίςεως,
498 755 601 807 jastpicati
612 767 657 805 erpo
671 767 697 793 ee
703 751 755 806 fide)
768 751 814 792 Hoc

43 828 117 862 comma
133 814 193 854 habet
207 810 403 865 ἀνακεφαλαίωσιν,
424 824 519 850 striccitate
529 810 693 862 praecedentiam.
716 806 765 847 conf.
779 811 814 857 ja

42 870 176 922 stificationeen.
190 882 206 908 c.
215 870 234 916 d,
246 871 278 910 25.
297 889 326 894 -
335 862 440 920 eipeieqc,
451 865 531 919 pacem)
545 877 585 903 non
597 864 640 916 jam
655 865 717 903 hostes
722 894 727 912 ,
741 875 761 903 v.
775 868 814 911 to,

42 937 77 962 nec
91 924 142 962 iram
154 927 268 962 momentis.
288 934 307 959 v.
323 926 341 963 9.
368 921 442 958 Pacem
455 921 546 959 labeones
564 925 582 958 et
597 920 717 970 pincianam,
739 930 814 956 summa

42 991 84 1029 cap.
93 981 112 1019 5.
122 982 140 1019 6.
152 982 169 1019 7.
178 982 197 1020 8.
215 974 275 1029 [Hira
288 981 328 1013 tane
336 976 453 1026 βασκανίαν
462 975 539 1014 Pacius
553 974 630 1025 gratiae
641 973 725 1025 apponit
736 984 813 1023 pacem.

41 1030 66 1069 V.
76 1029 103 1084 g.]
117 1053 144 1059 —
160 1026 221 1083 πρός,
236 1030 271 1082 aa)
286 1043 343 1079 erpa,
358 1043 430 1068 versas.
455 1029 511 1068 Dens
525 1041 575 1079 pace
590 1040 626 1066 nos
640 1027 771 1079 amplectitur.
786 1051 813 1059 -

41 1083 75 1135 cri)
92 1084 167 1123 Paulus
181 1082 259 1135 plenam
273 1083 354 1121 Domini
371 1083 433 1121 bosni
450 1083 498 1121 Jesa
520 1082 591 1121 Gbristi
611 1082 764 1133 appellationem
784 1079 812 1118 in-

41 1139 107 1189 primis
121 1138 175 1189 ponit
189 1137 304 1182 tractatione
314 1135 381 1186 aliqua
389 1136 469 1174 inerrate
480 1136 514 1174 rel
524 1140 614 1174 exeunte.
636 1148 656 1173 v.
665 1142 696 1178 M.
705 1141 738 1178 21.
749 1140 768 1182 6,
779 1139 811 1177 M.

42 1198 85 1234 25:
100 1192 134 1243 qui
147 1195 213 1230 tamen
226 1203 295 1229 versus
310 1190 382 1229 arctius
397 1190 489 1229 cohaeret
504 1204 547 1229 curn
563 1189 734 1238 antecedentibus,
754 1201 813 1241 quam

41 1259 85 1285 cum
99 1245 272 1297 consequentibus,
287 1256 369 1296 quorum
381 1244 436 1292 initio
451 1245 530 1295 ponitur
538 1246 623 1293 fratres.

93 1313 112 1338 v.
122 1307 141 1342 2.
155 1295 302 1352 ceooayaryq'c,
316 1297 397 1351 cattam)
408 1298 460 1350 Eph.
469 1305 487 1346 2,
496 1305 528 1343 18.
538 1305 556 1347 5,
565 1305 597 1342 12.
606 1290 768 1350 -ἐσχήκαμεν,
778 1296 812 1335 da-

40 1355 122 1408 baimas)
137 1353 273 1402 Praeteritum,
285 1353 305 1391 in
320 1353 414 1392 antitheto
428 1354 454 1393 ed
467 1354 563 1393 trabernas.
583 1367 603 1391 u.
613 1358 631 1396 1.
650 1350 768 1391 Justificatio
783 1356 813 1391 est

40 1409 104 1447 editas
117 1409 137 1447 in
149 1409 246 1459 proriam:
264 1422 310 1458 pax
325 1414 355 1447 est
369 1413 432 1447 status
447 1408 587 1460 permansionis
602 1406 711 1459 ingratia,
731 1405 811 1446 inimici-

40 1462 86 1501 tiam
99 1463 212 1515 perimente
233 1462 282 1501 Ideo
296 1462 370 1502 Paulus
379 1463 399 1502 in
413 1462 564 1502 salutationibus
575 1461 693 1514 conjunctim
702 1460 752 1499 solet
761 1459 812 1500 dice-

39 1530 72 1555 re:
85 1518 151 1569 pratia
165 1518 217 1557 cobis
231 1524 249 1556 et
258 1531 309 1569 pera.
325 1517 373 1556 conf.
388 1517 446 1557 Num.
455 1524 474 1567 6,
482 1523 515 1562 25.
528 1524 561 1561 26.
577 1516 719 1569 complectitur
728 1520 747 1555 et
752 1530 813 1567 preae-

40 1572 114 1611 teritam
128 1577 148 1610 et
161 1586 266 1622 praesens,
282 1577 301 1611 et
311 1584 370 1620 mox,
388 1572 412 1611 de
427 1586 462 1625 spe
475 1573 569 1625 loquens,
582 1575 687 1622 fortiorum:
708 1583 769 1621 quare
778 1571 813 1612 ⁴sic

40 1630 139 1674 construe,
156 1639 226 1676 pacem
240 1627 329 1665 tabernas
347 1633 365 1665 et
381 1628 495 1679 plectamur.
508 1651 536 1656 -
555 1626 577 1667 ἐν
592 1621 616 1681 ᾗ,
636 1627 657 1665 ia
671 1625 720 1678 qao)
739 1624 812 1664 Gratia

39 1692 115 1730 semper
127 1686 192 1719 manet
202 1682 279 1732 pratia:
293 1694 393 1732 ruurquanr
407 1681 428 1720 fit
445 1682 531 1722 deditam.
546 1703 573 1710 -·
593 1675 703 1730 ἑςήκαμεν,
717 1680 812 1734 stetimus)

39 1735 140 1789 stationem
153 1736 206 1773 nacti
220 1748 291 1774 sumus.
309 1758 337 1763 -
357 1731 497 1790 καυχώμεθα,
520 1733 637 1789 proi-tomo)
659 1746 709 1772 novo
724 1747 748 1772 ac
761 1746 809 1773 vero

39 1788 101 1827 modo.
117 1788 165 1827 conf.
178 1795 196 1837 5,
205 1795 237 1832 27.
249 1812 276 1818 -
290 1786 320 1829 ἐπ’
335 1790 403 1830 ἑλπίδι
418 1789 454 1839 τῆς
467 1785 526 1840 δόξης
541 1791 566 1829 τῦ
580 1786 621 1829 θεσῖ
628 1820 634 1836 ,
648 1801 707 1839 saper
721 1802 755 1839 spe
768 1790 790 1840 92
802 1814 808 1820 ·

39 1842 80 1881 riae
94 1842 141 1897 Dei)
156 1842 210 1882 eonf.
223 1844 250 1883 ib.
262 1849 327 1890 aaa.
343 1857 359 1883 a.
369 1848 388 1891 8,
403 1848 436 1886 50.
450 1843 546 1884 Judaev.
560 1846 593 1887 21.
613 1842 703 1881 Christus
715 1842 736 1880 in
747 1843 810 1892 nobis,

37 1910 81 1946 spes
92 1898 173 1949 pieriae.
194 1898 236 1937 Ool.
247 1904 264 1946 1,
274 1903 306 1940 27.
319 1897 448 1946 Job.17‚22·
470 1899 534 1949 Igitur·
544 1898 609 1950 pieria
622 1910 661 1936 non
674 1901 704 1936 est
716 1897 760 1949 ipsa
769 1900 810 1949 plo·

37 1951 99 2000 elatio,
114 1951 150 1991 sed
165 1951 263 2004 objectum
277 1952 318 2004 ejus
329 1951 465 1991 solidissimum
479 1953 504 1992 do
517 1953 589 1992 futuro.

45 2045 47 2050 ,
91 2019 110 2043 v.
120 2012 139 2048 5.
151 2003 287 2061 καυχώμεθα,
299 2007 417 2060 placitantes)
432 2006 509 2048 Consi-r.
520 2021 564 2047 eum
574 2021 593 2045 v.
606 2010 638 2048 ll·
646 2011 687 2045 not.
696 2030 725 2036 -
733 2006 755 2047 ἐν
764 2008 811 2055 ταῖς

38 2058 153 2113 θλίψεσιν,
167 2061 187 2098 ta
201 2062 345 2114 afflictionibus)
367 2060 490 2101 Afflictiones
505 2063 525 2101 in
540 2061 591 2101 omni
604 2060 643 2099 hae
656 2061 698 2100 vita
711 2074 746 2100 nos
760 2064 811 2101 ανον-’-

37 2115 59 2162 ti,
74 2126 114 2152 non
125 2116 200 2167 pieriae
213 2115 305 2154 videntur
315 2116 406 2165 tradere,
425 2121 445 2155 et
458 2122 525 2156 tamen
538 2131 578 2156 non
592 2114 650 2154 modo
664 2129 703 2155 non
717 2122 762 2156 stmt
776 2118 810 2157 ad-

38 2181 112 2217 versae,
127 2168 162 2207 sed
173 2183 229 2222 spem
241 2171 341 2222 adjuvant.
356 2193 384 2199 -
402 2166 512 2223 sinopensis
525 2166 683 2225 κατυρχσῖζσταν,
693 2172 810 2223 patientiam

36 2223 137 2277 operatae)
157 2224 199 2263 scil.
213 2226 234 2264 in
247 2225 348 2265 fidelibus:
366 2240 412 2265 nain
428 2226 482 2278 apud
493 2226 582 2266 infideles
595 2226 683 2276 sequitur
697 2227 763 2278 potius
774 2227 809 2266 irn-

37 2277 130 2328 patientia
145 2282 164 2317 et
178 2280 284 2332 apostasia.
304 2282 403 2321 Patientia
417 2294 456 2319 non
470 2281 551 2321 discitur
566 2281 607 2320 sine
620 2279 718 2321 adversis:
734 2286 809 2321 estnon

37 2332 99 2371 solnm
112 2333 193 2385 promti,
208 2334 244 2374 sed
259 2334 317 2374 otiam
330 2331 405 2376 robusti
419 2335 478 2374 animi
493 2335 519 2375 ad
531 2333 675 2388 perferendum.
806 2374 808 2376 ,
837 2371 839 2375 ,

42 2432 47 2445 .
89 2400 109 2426 V·
118 2390 138 2431 lt.
151 2383 165 2438 ἦ
178 2389 199 2430 δὲ
212 2386 309 2440 inopom}
321 2386 418 2442 δοκιμήν)
432 2390 524 2439 Rursum,
539 2387 564 2431 cd
576 2388 670 2438 δοκίμιον
679 2391 717 2439 τῆς
726 2386 809 2441 αι’ςεως,
832 2401 835 2406 “

37 2437 150 2501 υκσμσνήν.
163 2441 206 2483 Jac.
217 2449 235 2493 1,
245 2450 263 2486 5.
280 2441 372 2496 Λακιμηζ
386 2458 425 2483 non
438 2444 496 2484 facile
509 2444 603 2491 invenias,
619 2443 652 2494 qui
666 2449 711 2483 ante
723 2444 809 2486 Paulum

37 2493 114 2535 dixerit.
136 2497 211 2548 δυκιμή
227 2504 256 2538 est
270 2499 354 2549 qualitas
369 2500 421 2551 ejus,
437 2500 471 2550 qui
485 2505 515 2539 est
528 2498 622 2547 δόκιμος.
642 2496 676 2551 1-
688 2500 765 2551 qaiper
774 2513 808 2539 ca-

37 2549 75 2587 rios
88 2564 145 2590 casces
159 2558 177 2590 et
190 2566 256 2593 ratam
269 2554 381 2593 discrimina
394 2553 489 2606 probatus
503 2561 535 2594 est.
556 2552 583 2592 V.
592 2550 619 2606 gd
634 2575 662 2581 -
684 2549 760 2605 danapri
774 2553 810 2596 ἕλ-

36 2603 94 2665 nida,
104 2607 193 2657 proditas
201 2608 263 2662 spem)
277 2608 339 2648 Hebr.
349 2614 367 2658 5,
377 2615 395 2652 9.
406 2614 438 2652 10.
448 2615 490 2653 Ma
504 2609 540 2649 nbi
549 2622 568 2647 v.
578 2613 610 2650 10.
624 2613 653 2647 est
666 2604 749 2658 ὃσκιμῆ,
759 2622 807 2660 pro-

36 2656 89 2706 ditas,
103 2674 123 2699 v.
135 2666 154 2703 9.
164 2666 183 2700 et
193 2668 225 2706 11.
239 2677 288 2715 spes.
302 2663 342 2715 Ap.
350 2670 369 2713 5,
378 2669 410 2709 10.
424 2687 452 2693 -
466 2663 547 2713 stulto,
561 2660 623 2715 spem)
639 2663 664 2701 de
674 2676 713 2713 qua
719 2676 739 2701 v.
749 2669 767 2704 2.
774 2662 807 2703 fin.

36 2709 60 2750 In
70 2714 137 2754 orbem
149 2716 201 2756 redit
210 2719 280 2758 oratio:
296 2723 315 2758 et
325 2719 350 2759 ad
359 2720 397 2758 hoc
405 2724 467 2758 totum
478 2720 563 2770 pertinet
571 2716 682 2770 aetiologia,
694 2717 746 2768 qnia.
756 2731 775 2756 v.
788 2722 807 2762 5.

89 2783 109 2808 V·
119 2774 137 2813 5.
155 2768 168 2811 α’
180 2767 326 2826 καταισχύνει,
340 2788 379 2814 asoa
386 2774 497 2828 pudefacit)
515 2773 650 2818 Τααείυωσις.
670 2771 692 2810 id
702 2777 742 2821 est,
756 2785 808 2813 sum-

35 2831 87 2862 mam
96 2830 185 2876 praestat
198 2828 341 2879 q'loriatiooem,
362 2842 400 2868 nec
411 2828 472 2869 fallet.
488 2841 533 2880 spes
549 2827 586 2866 erit
600 2838 637 2864 res.
656 2853 680 2860 -
696 2824 737 2876 lite,
751 2828 809 2882 qaia)

36 2872 132 2919 Praesens
150 2880 267 2922 describitur
287 2896 345 2923 versu
364 2889 416 2927 5—-
428 2890 447 2928 8.
475 2883 525 2923 Inde
544 2894 589 2934 spes
605 2880 625 2918 in
641 2879 732 2920 'futurum
748 2882 807 2922 infer-

35 2933 67 2969 ius
80 2946 99 2972 V·
112 2940 194 2978 9-11Ι
209 2959 237 2965 —-
251 2933 263 2988 ἦ
275 2935 358 2991 α’χσίπη)
373 2953 429 2979 aanor
443 2939 471 2985 εἰς
480 2935 536 2990 ἡμᾶς
549 2949 596 2988 erpa
606 2948 654 2973 7²08:
667 2949 687 2974 v·
697 2940 717 2979 8.
732 2948 807 2989 exque

36 2996 146 3041 Speremus5
162 2995 195 3042 est
205 2992 255 3043 enim
265 3006 320 3032 amor
329 2998 426 3034 aeternus.
440 3019 468 3026 -
481 2992 598 3045 ἐκκέχυται,
612 2990 684 3039 effusas
696 2989 732 3043 est)
746 2990 808 3032 abrmss

37 3037 153 3103 (lentissime
178 3045 237 3086 Uirde
248 3047 300 3086 hmre
314 3048 379 3100 ipsum
391 3056 479 3096 sensum,
496 3047 597 3094 αἴσθησιν
602 3075 609 3093 ,
622 3044 724 3085 habemus.
739 3070 766 3076 —-
784 3043 808 3087 ἔν’

35 3108 80 3142 we
90 3101 234 3155 eradicemini
248 3102 345 3156 sordidas}
358 3118 410 3153 non,
424 3104 444 3143 ia
458 3104 523 3143 carcia.
551 3099 661 3149 indicatur,
677 3100 771 3155 Spiritum
785 3099 807 3161 S,
867 3116 869 3119 ’
