1922 3513
315 235 373 271 1011.
386 236 420 281 xr,
433 226 521 276 11-11.
778 234 801 275 ta

67 346 104 372 vu.
113 336 144 374 tl.
158 327 272 386 ἔπταισαν)
291 331 358 372 asaia
375 332 453 384 proprie
468 331 493 371 de
507 334 581 383 pedara
594 330 709 370 titubatione
724 331 801 372 dicitur.

33 387 86 431 Cous.
97 386 140 426 Jac.
149 392 168 435 5,
178 392 196 430 2.
204 392 244 426 not.
269 387 382 438 Proprietas
396 386 479 439 physica
492 385 550 425 verbi
563 384 632 427 arola
647 385 704 424 etde
717 388 768 438 pede
783 391 803 427 et

33 446 57 485 cle
71 443 139 494 lingua
152 442 256 493 opponitur
270 441 386 493 significatui
398 441 473 480 morali.
486 463 514 470 —
528 442 561 481 ira
575 437 664 492 πέσωσι)
680 447 701 479 at
714 443 804 481 caderent

31 500 95 554 plane,
105 496 174 544 cuncti,
185 496 244 549 idque
253 496 294 535 sine
302 494 457 537 instauratione?
471 495 553 534 Locutio
562 493 663 544 adagialis.
673 495 803 546 aliquomodo

32 554 124 600 cecidere,
138 565 160 597 v.
170 550 262 601 22.,.sed
271 564 311 590 non
320 563 406 602 prorsus.
418 572 446 578 -
460 550 502 596 τοῖς
516 547 615 597 triecio,
627 550 721 604 paraticas)
736 549 805 602 Ipsum

32 607 134 649 articulum
146 606 176 645 rei
189 610 257 659 gestae
270 606 366 645 habemus
379 604 425 644 Act.
433 610 465 653 15,
473 607 517 652 ie,
532 616 578 642 ecee.
587 624 615 630 —
626 607 655 650 etc
669 601 694 645 ed
708 604 804 659 παραζη-

32 665 99 705 aanor
108 657 180 710 αὑτάς,
194 668 216 701 at
225 662 253 701 ad
260 663 321 701 aelam
331 658 495 713 provoccnenmr)
509 658 618 707 israelitae,
628 658 654 697 ad
664 658 728 698 fidem.
742 673 762 699 v.
771 661 804 703 lli.

33 717 90 773 [aaa
108 716 186 765 Lector,
205 724 226 756 ta
240 730 314 768 qaoque
329 716 398 767 quavis
411 728 433 754 re
446 716 474 754 ad
486 715 547 754 aelam
558 714 679 764 provoceris,
700 715 755 754 bared
767 728 804 754 aee·

32 772 121 813 dicaciter
128 773 224 812 vectitantes
231 772 304 825 pratia.
318 770 344 810 V.
352 769 380 826 g.]
395 769 460 810 Aliter
469 770 506 808 hoo
516 767 600 807 verbum
608 769 692 808 occurrit
706 783 722 808 c.
732 774 763 816 lo,
772 774 804 812 19.

31 836 32 839 ’
85 831 144 869 1.,42.
159 828 178 867 ιί
190 828 221 876 δὲ,
235 828 254 867 si
266 826 319 880 aero)
333 826 389 865 Duas
399 831 466 877 partes
480 823 541 864 habet
554 823 586 862 hio
599 836 675 864 versus.
689 825 743 878 prior
754 829 805 863 trae-

24 880 84 922 'tatur
96 895 115 921 u.
124 886 156 924 15.
165 894 180 921 s.
194 883 299 934 posterior,
314 887 386 934 qaaato
401 886 437 920 eto.
452 884 549 919 tractatur
561 892 581 918 v.
589 884 622 922 252
633 892 648 918 s.
661 904 688 910 -
702 875 769 931 κάσμσ
778 901 805 910 -·

31 937 108 984 ἒθοάι,
118 938 186 976 meandi
192 963 217 970 -
225 937 317 990 pensiaco)
332 937 420 975 theodas
428 939 519 974 connotat
528 934 643 986 qualitatem
648 965 653 984 ,
668 930 805 989 παράπτωμα

31 994 108 1043 lapstae
122 991 234 1042 pristinum,
248 999 322 1044 pentes,
337 991 466 1043 quantitatem
477 991 519 1028 sive
532 989 686 1038 multitudinem,
702 989 733 1028 oui
743 1001 805 1041 oppo=

31 1046 84 1085 eritru
97 1043 190 1096 ἥττημα,
201 1048 298 1096 pancitas.
317 1046 370 1085 unde
383 1041 409 1086 τά
422 1043 525 1098 πλήρωμα
540 1044 587 1083 dicit
600 1058 647 1084 mon
661 1045 727 1096 copias
740 1043 805 1084 Isra‘e'l

32 1100 153 1138 abundantes
162 1102 232 1150 gratia.
242 1126 268 1133 -
279 1098 370 1152 ἥττημα)
382 1100 479 1150 parasitos.
493 1099 604 1151 oppositum
614 1094 729 1152 πλήρωμα,
744 1100 805 1139 σοιαι14

31 1156 105 1193 dantia.
118 1154 152 1192 Es.
160 1160 224 1203 5l,8.,
239 1151 326 1195 ἔσοισαι
340 1154 368 1200 εἷς
380 1149 470 1204 ἥττημα.
478 1149 572 1206 -πάσῳ
585 1155 672 1203 μᾶλλον,
681 1162 754 1205 pararito
763 1167 804 1193 ma-

30 1208 68 1261 pis)
82 1208 134 1246 Nam
143 1207 178 1247 ubi
190 1209 252 1248 multa
266 1212 311 1247 eunt
325 1207 408 1254 semine,
423 1220 491 1246 eorrrm
503 1207 567 1257 major
578 1211 608 1245 est
621 1213 734 1259 proventus.
743 1232 771 1240 -
779 1204 805 1249 τά

32 1257 134 1315 πλήρωμα
149 1259 220 1303 αὐτῶν
224 1295 232 1313 ,
246 1263 366 1302 attendente
376 1260 449 1313 cortica)
464 1260 562 1309 Subuudi,
577 1262 613 1300 erit
625 1262 703 1301 diuitiae
715 1263 806 1315 perstitere.

32 1328 80 1368 ergo
90 1316 165 1354 etiamsi
174 1316 248 1356 Judaei
256 1317 385 1356 credidissent
395 1315 459 1364 initio,
473 1329 513 1355 non
527 1316 619 1356 exclusae
633 1316 716 1356 diissent
731 1321 806 1368 gentes.

31 1370 88 1409 Idem
101 1370 193 1420 verbum,
207 1386 227 1411 v.
238 1377 271 1416 25.
568 1394 570 1397 ν
802 1419 803 1422 ¹

85 1438 104 1463 v,
113 1430 144 1467 15.
160 1422 216 1479 ὑμῖν)
230 1427 291 1474 cobis,
305 1438 345 1464 1101
356 1430 378 1465 nt
388 1438 424 1464 vos
435 1424 550 1473 efferamini,
566 1424 602 1464 sed
610 1429 633 1464 ut
642 1423 715 1465 Judaei
724 1424 806 1465 inviten-

32 1484 104 1517 tur-
113 1479 233 1529 διααοσῖαα,
247 1480 380 1531 atiaisteriam)
395 1480 526 1532 apostolatum
539 1481 560 1518 in
573 1480 671 1531 gentihus.
681 1506 708 1513 -
716 1476 806 1528 δοξάζω,

31 1531 124 1584 placatae)
139 1532 215 1585 Nempe
230 1534 305 1575 Paulus
320 1535 426 1586 amplificat
439 1535 523 1586 gratiam
538 1534 619 1573 ethnicis
634 1536 709 1584 datam,
725 1534 807 1586 ejusque

32 1588 52 1624 in
65 1587 117 1638 ipsos
131 1587 232 1629 israelitas
245 1586 405 1642 reciprocandam
420 1588 566 1629 abundantiam.
591 1590 618 1628 Et
626 1590 659 1628 hio
673 1601 752 1628 causam
762 1588 806 1628 red·
866 1599 869 1602 '

34 1641 72 1690 dit,
87 1654 121 1679 cur
136 1654 178 1680 eam
192 1644 276 1695 gratiam
291 1644 319 1683 sio
334 1644 444 1696 amplificet.

86 1709 106 1733 v·
115 1699 147 1739 tc
161 1694 200 1745 τήν
215 1694 297 1751 σάρκα,
311 1698 397 1749 caricem)
411 1699 424 1737 i.
437 1711 453 1736 e.
468 1697 544 1737 fratres.
572 1697 606 1737 Es.
621 1702 657 1746 58,
673 1703 691 1741 7.

86 1754 146 1793 V·15-
161 1747 214 1804 γάρ,
228 1751 285 1804 ereira)
306 1752 406 1791 Particula
420 1766 464 1792 cum
477 1751 610 1803 propositione
624 1756 741 1792 comrectens
755 1755 806 1791 trac-

33 1803 166 1842 tationem.--
177 1802 284 1859 άποβολή,
293 1807 382 1859 jacbaa)
397 1804 521 1854 Antithetor'i,
536 1807 638 1847 001111λὶ0.-
652 1806 688 1846 sed
703 1819 726 1845 eo
740 1819 805 1855 sensu,

32 1862 55 1895 ut
62 1857 116 1897 Deus
127 1859 202 1897 dicatur
212 1874 309 1900 assaaeere
319 1874 354 1913 per
363 1856 456 1913 giatiam3
471 1861 568 1909 homines,
582 1856 754 1912 ἀποβάλλεσθαι,
761 1863 806 1910 jae-

33 1918 97 1952 taram
107 1913 161 1963 pati,
180 1926 216 1953 sua
229 1915 293 1967 eulpa.
322 1914 386 1967 Super
394 1918 476 1965 pectora
490 1915 612 1961 Judaecrum
626 1921 695 1967 gentes
709 1922 807 1955 assumtae

33 1971 77 2005 sunt
87 1971 106 2005 et
115 1967 198 2017 gratiam
207 1973 327 2008 consecutae.
341 1984 360 2008 v.
371 1975 403 2012 50.
412 1995 439 2001 -
448 1965 580 2024 πρόσληψις)
595 1966 673 2018 αὐτῶν,
683 1969 806 2020 Hesychius:

32 2014 165 2072 πρόσληψις,
178 2023 262 2073 γνῶσις.
283 2022 337 2062 conf.
347 2019 502 2078 προσελάβετο,
518 2026 575 2073 014,
586 2029 605 2066 5-
632 2023 668 2070 Tic
683 2024 781 2064 concludit
795 2039 807 2064 a

32 2073 101 2112 minori
115 2074 141 2112 ad
154 2075 222 2125 majus.
237 2073 344 2129 oiaodolri,
352 2081 444 2127 jactaret,
459 2081 479 2116 et
492 2072 628 2132 πρόσληψις,
642 2081 744 2129 cessamtio,
762 2084 807 2119 sunt

33 2128 139 2166 contraria:
157 2128 223 2180 itaque
238 2129 372 2184 καταλλαγῇ,
389 2132 529 2180 reconciliatio,
543 2133 674 2184 praemittitur
688 2136 715 2183 πῆ
729 2134 770 2189 ζωῇ
784 2133 807 2174 e’a

32 2182 120 2233 οπιράσ,
140 2182 232 2233 eitaeesc
249 2187 339 2234 neortais,
361 2200 411 2237 qrrae
431 2187 492 2226 multo
511 2186 557 2239 plus
576 2187 629 2227 dicit.
643 2211 671 2219 —-
685 2180 739 2237 ζάπ),
758 2188 806 2241 cita)

32 2236 103 2297 caecidi.
121 2248 140 2274 v.
153 2242 184 2278 12.
200 2260 227 2268 --
241 2233 283 2288 Cari
298 2236 320 2281 ia
334 2240 425 2293 scapeia,
444 2243 485 2281 vita
499 2255 523 2281 ex
537 2242 625 2295 mortain]
644 2242 666 2281 id
680 2242 733 2295 quod
746 2243 807 2282 multo

32 2301 94 2340 majus
110 2294 129 2327 et
143 2292 254 2342 optabilius.
281 2293 364 2334 Sensus:
383 2296 742 2346 0110001111,ραιίιισσαπλοηοοαιλ
769 2298 806 2336 Ez.

32 2348 92 2404 5715·
104 2343 127 2384 ss.
139 2345 167 2384 ita
178 2346 212 2395 ἐπ,
227 2361 261 2394 en,
278 2360 293 2387 c.
304 2354 322 2397 6,
333 2355 364 2391 lt.
380 2350 447 2393 2001:
458 2355 476 2398 a,
487 2357 505 2394 5.
521 2350 589 2390 Sermo
601 2356 631 2391 est
642 2351 666 2391 de
675 2351 806 2391 vivificatione

32 2401 101 2460 totius:
117 2403 139 2437 nt
152 2412 191 2439 non
204 2401 229 2440 sit
243 2403 323 2441 residua
334 2417 399 2452 massa
407 2409 490 2444 mortua.
512 2405 581 2444 Totins
591 2406 669 2457 generis
677 2406 807 2458 humenisive

32 2452 99 2490 mundi
113 2456 216 2494 conversio
230 2457 354 2497 comitabitur
367 2460 513 2499 conversionem
525 2459 612 2499 Israelis.

47 2557 51 2566 ι
85 2520 105 2545 v·
114 2512 146 2551 le.
160 2505 278 2563 ἡάπαρχι),
289 2513 396 2567 primatiae)
411 2515 543 2567 patriarchae,
552 2536 580 2542 —
589 2510 648 2569 άγία,
661 2514 749 2568 sanotae)
762 2514 807 2556 Deo

32 2557 108 2599 dicatae
122 2567 142 2601 et
156 2565 293 2616 acceptabiles.
309 2568 359 2606 conf.
369 2582 387 2607 v.
397 2574 429 2613 15.
444 2583 489 2609 oum
503 2569 575 2613 lTim.
584 2572 604 2618 lc,
613 2573 632 2613 [1.
641 2575 660 2613 5.
669 2596 697 2603 -
710 2565 807 2624 φύραμα,

32 2614 105 2674 creasse)
122 2615 230 2680 Num-15,
245 2625 277 2663 20.
291 2627 334 2670 21„
348 2619 437 2678 oiaappri
450 2621 582 2679 φυράματος.
596 2647 623 2655 -
636 2622 650 2676 ἡ
664 2625 721 2678 ῥίζα,
736 2624 806 2678 radia)

33 2671 92 2732 stirps¹
104 2672 250 2734 patriarchalis,
265 2676 389 2726 naturaliter,
403 2691 441 2719 neo
451 2692 491 2718 non
501 2684 524 2718 ut
535 2692 614 2731 compos
625 2678 775 2718 circumcisionis
786 2684 807 2719 et

32 2732 164 2786 promissroms
178 2733 272 2779 spectata.
305 2731 396 2781 Wellero,
410 2738 455 2785 post
465 2732 580 2785 Origenem,
593 2735 654 2773 radia
668 2739 698 2773 est
707 2732 806 2774 Christus:

32 2787 92 2826 rami,
108 2779 166 2820 etiam
179 2785 312 2833 patriarchae,
328 2798 353 2825 ex
367 2787 438 2838 quihus
451 2793 510 2828 natae
521 2789 625 2841 primitiae.

84 2844 104 2870 V·
115 2839 146 2877 17.
161 2835 199 2884 od,
216 2838 245 2891 ta)
265 2844 287 2878 tu
305 2842 403 2891 Roaiaae,
425 2843 510 2895 gentilis.
524 2868 551 2875 —
567 2839 698 2896 ἀγριέλαιος,
717 2842 806 2896 oleaster)

33 2882 118 2946 calamus
137 2891 220 2953 oleastri.
249 2892 378 2949 Syneedoche
399 2893 462 2947 decoci.
491 2896 524 2952 [Ie
540 2903 607 2937 nostra
626 2897 730 2936 ericaeum
744 2904 807 2938 aetate

32 2941 228 3003 tristrs'eepereeatia
246 2949 322 2989 clamat.
349 2952 466 2991 Promiscaa
483 2953 591 2999 ncrcttitaelo,
610 2952 652 2990 reri
670 2952 808 2994 christianismi

32 3000 141 3056 traeatreas,
155 3000 238 3039 ruditate
248 3015 347 3055 perquam
360 3007 433 3058 apresti
446 3008 532 3054 laborat,
550 3019 574 3045 ae
588 3006 612 3044 iis
625 3006 701 3057 quidem
716 3008 807 3060 correptis,

33 3055 65 3091 qut
83 3056 171 3108 certatam
187 3059 245 3106 atque
262 3059 361 3100 scientiam
379 3061 434 3101 teria
450 3055 549 3114 culparem
567 3066 667 3099 ostentant.
695 3060 722 3100 V.
737 3062 765 3117 ρ.)
780 3088 807 3094 -

32 3111 54 3135 ⁶⁹
68 3103 148 3157 α’)ῑθῖς)
167 3107 217 3149 ieter
234 3124 275 3152 eos:
289 3127 327 3155 ,eos
343 3110 561 3157 conternantem
575 3115 665 3168 paidom,
684 3116 721 3158 secl
734 3117 761 3158 ad
773 3131 807 3158 ra-
