1922 3513
334 238 344 271 a
358 232 460 278 00111111,
474 238 536 272 1-1.
790 235 826 269 111

56 323 108 372 Sil&
125 323 154 363 uti
169 324 217 365 Luc.
230 332 248 375 2,
261 331 292 371 15-
308 332 343 368 ete.
360 351 387 357 -
406 327 475 381 rpite,
490 325 573 378 tertium)
592 324 680 364 Primum
694 324 778 374 coelum,
792 339 827 365 nu·

55 378 118 418 bium:
134 379 245 429 secundum,
260 382 368 423 stellarum:
382 384 466 429 tertium,
481 381 589 433 spirituale.
611 379 697 433 *Duplex
711 380 786 418 coelum
799 381 828 419 vi-

55 432 112 472 sibile
127 433 190 473 dualis
199 435 220 473 in
234 443 301 478 :³7:127
313 438 402 478 denotat:
417 438 468 476 tertii
479 436 632 482 nomenclatura,
647 432 700 485 quod
710 434 777 472 oculus
787 447 827 474 non

55 487 110 536 vidit,
126 487 184 527 Novo
199 489 323 531 Testamenta
337 497 438 532 reservata
451 490 494 530 fuit.
510 488 560 529 conf.
575 489 627 541 Eph.
637 490 655 536 lt,
672 492 704 530 10.
718 493 759 526 not.

109 556 128 581 v·
141 549 160 585 5·
175 545 218 593 uui,
233 543 257 596 et)
271 544 371 586 Particula
378 548 416 586 hoc
425 546 469 585 loco
479 558 553 585 novum
563 544 593 582 rei
602 547 720 588 momentum
729 541 826 594 exprimit.

55 596 130 647 Finge,
151 600 222 637 coelum
239 601 313 641 tertium
333 606 352 640 ct
362 601 480 653 paradisum
492 600 552 653 plane
566 611 610 637 esse
626 598 745 648 synonymm
768 596 827 635 valde

54 651 178 691 imminuetur
190 666 261 692 nervus
272 656 362 695 orationis
373 656 475 695 Paulinae.
490 679 517 687 --
536 650 573 694 τόν
585 650 695 699 τοιοῦτον,
710 649 775 703 talem)
790 646 827 692 triv

55 705 77 745 ἐν
92 708 168 760 χριςῴ,
187 721 229 747 euru
243 710 330 759 quierat
344 711 364 750 iu
379 710 460 750 Christo.
479 734 506 742 -
527 707 579 754 rice,
598 704 646 757 ciue)
667 706 712 745 Ho'o
725 705 827 757 repetitur,

56 760 102 811 quia
110 760 144 798 vel
153 761 169 800 si
180 761 200 800 in
211 776 364 816 corporeusque
379 765 405 803 ad
418 764 498 803 tertium
508 761 584 801 coelum
593 765 662 813 raptus
679 760 747 808 fuerit,
761 765 828 799 tamen

54 814 143 853 ulteriori
157 816 221 867 gradu
234 817 254 856 111
268 820 380 871 paradisum
395 824 450 858 extra
465 830 535 869 corpus
550 816 613 868 potuit
626 819 695 866 rapt-us
710 828 759 855 esse.

109 883 128 907 V·
140 873 158 912 lt.
174 865 264 924 ἄρ’ῥητα)
278 874 389 924 ineffabilia,
403 873 471 912 nonin
481 884 513 920 se3
533 871 581 909 alias
590 870 665 909 Paulus
679 883 716 910 non
731 867 828 921 potuisset

56 922 135 961 audire:
150 925 185 963 sed
193 926 269 975 lroruiai,
283 934 305 966 ut
318 929 405 980 sequitur
417 913 475 975 niox,
490 926 579 977 adeoque
592 925 631 976 ipsi
646 924 715 963 Paulo.
741 924 790 967 Quis
804 936 828 961 ea

56 977 124 1016 effatus
138 978 173 1028 sit,
185 979 249 1028 Deus,
265 995 289 1020 an
300 982 393 1029 Christus,
409 995 433 1020 an
442 980 533 1032 angelus,
548 993 573 1019 an
582 978 653 1031 angeli,
671 992 695 1017 an
704 978 784 1031 spiritus
795 978 827 1029 ju-

55 1036 133 1081 storum,
145 1038 165 1072 et
175 1034 215 1083 oui,
226 1034 300 1074 Paulus
309 1050 347 1085 11011
357 1036 435 1084 indicat,
446 1049 470 1073 an
478 1035 533 1073 sciat.
544 1033 673 1073 Sublimitatis
683 1040 735 1072 certe
742 1044 827 1083 magnae

54 1085 119 1135 fuere,
142 1100 187 1126 nam
200 1101 239 1126 11011
253 1090 316 1129 onmia
331 1090 423 1129 coelestia
442 1093 487 1128 sunt
501 1088 616 1139 inffabilia,
638 1100 657 1125 v.
667 1100 697 1138 gr.
713 1088 752 1126 Ex,
764 1091 797 1133 5-1,
807 1092 826 1128 6.

54 1140 88 1179 Es.
99 1146 118 1189 6,
131 1147 150 1184 5.
166 1155 215 1193 quae
225 1148 290 1182 tamen
301 1144 360 1183 valde
375 1143 471 1183 sublimia.
485 1165 513 1171 -
527 1138 552 1183 ἐκ
562 1138 614 1194 ditia)
629 1155 668 1181 riou
681 1142 732 1189 licet,
747 1137 792 1188 ἐξόν
807 1144 827 1178 et

56 1193 152 1244 δυνατόν,
167 1197 222 1235 licere
235 1201 254 1236 et
265 1213 328 1249 posse,
344 1198 424 1245 dicitur,
440 1197 497 1249 quod
508 1209 573 1247 neque
587 1209 618 1235 res
633 1208 698 1246 noque
711 1196 745 1234 lex
761 1194 827 1245 prohi-

54 1248 94 1287 bet.
112 1249 178 1301 itaque
196 1251 301 1301 ineffabilia
315 1258 334 1292 et
347 1266 386 1292 nou
400 1253 442 1291 lieet
456 1265 477 1290 se
491 1256 558 1290 mutuo
574 1249 684 1298 declarant,
705 1253 825 1300 negantque,

55 1307 154 1355 autposse
165 1318 188 1343 ea
198 1305 253 1357 loqui
263 1308 367 1356 homirnam,
382 1312 415 1345 aut
429 1306 488 1344 licere
502 1305 580 1344 1101111111.
603 1303 674 1351 Ceteri,
691 1304 724 1355 qui
738 1316 777 1342 non
792 1316 825 1341 au-

55 1357 128 1406 divere,
142 1372 181 1398 non
189 1367 279 1410 possunt:
294 1361 374 1410 Paulus,
388 1361 422 1412 qui
430 1360 510 1408 audivit,
524 1372 565 1397 non
576 1359 624 1397 satis
634 1362 705 1408 potest.
719 1362 743 1405 et,
756 1356 773 1396 si
781 1369 826 1407 pos-

55 1417 90 1460 set,
104 1418 169 1452 tamen
182 1427 221 1453 non
232 1415 305 1465 liceret,
319 1429 357 1455 non
371 1414 491 1461 conveniret,
511 1414 531 1451 iu
539 1413 670 1451 mortalitate:
687 1413 733 1464 quia
747 1411 825 1450 terrico-

54 1467 86 1505 lae
95 1480 134 1505 non
148 1475 244 1521 caperent.
259 1471 303 1510 doh.
314 1477 331 1518 5,
344 1476 376 1513 12.
395 1469 463 1508 Latius
473 1472 528 1520 patet
537 1467 621 1515 auditus,
637 1480 696 1518 quam
703 1466 788 1518 loquela.
799 1487 827 1494 -

55 1517 172 1576 ἀνθρώπῳ,
184 1521 262 1577 liouriui)
278 1525 353 1564 Oonstr.
364 1537 408 1563 curn
419 1524 467 1562 licet.
486 1522 571 1571 Arctior
578 1534 637 1573 saepe
646 1521 749 1573 loquendi,
767 1533 826 1572 quam

55 1576 185 1626 cognoscendi
198 1584 291 1629 potestas.

107 1644 126 1668 v·
136 1635 154 1673 5.
168 1627 221 1686 ὑπὲρ
231 1636 256 1672 za
266 1628 345 1681 voldra,
356 1645 396 1684 pro
406 1630 449 1685 tali)
460 1630 601 1670 Masculinum.v
611 1629 724 1677 antitheton,
735 1643 764 1669 uae
773 1629 821 1680 ipso.

52 1682 162 1723 Removcre
173 1685 266 1727 debemus
276 1684 302 1728 ro*
312 1701 345 1739 eqo
360 1687 441 1726 arcbus
454 1686 535 1736 magnis.
562 1685 617 1723 Duas
629 1689 695 1735 partes
708 1684 740 1722 hie
751 1696 821 1722 versus

53 1737 122 1778 habet:
136 1739 197 1778 altera
207 1741 267 1781 habet
277 1742 402 1792 aetiologiam
413 1753 472 1779 versu
487 1753 528 1791 seq.
542 1740 603 1778 altera
615 1738 726 1777 declaratur
739 1751 758 1777 v.
773 1743 790 1780 7.
804 1751 820 1777 s.

52 1814 80 1820 -
94 1790 235 1846 καυχήσομαι,
248 1795 354 1848 ρίανὶαόον)
369 1796 381 1833 1.
397 1809 412 1834 0,
428 1794 508 1845 gloriari
521 1806 603 1844 possem.
619 1792 663 1831 coll.
678 1806 697 1831 v.
708 1798 727 1835 6.
741 1792 783 1831 init.

106 1861 126 1886 v.
137 1853 156 1889 6,
172 1845 210 1890 οὐκ
222 1846 299 1901 ἔσομαι
311 1847 392 1903 ἄφρων,
406 1862 444 1887 riou
458 1861 491 1887 ero
504 1847 605 1899 insipieus)
614 1847 684 1889 ,Etiam
698 1860 741 1898 cap.
755 1859 822 1898 praec.

53 1900 103 1939 dixit
116 1903 224 1951 ueritatem,
246 1910 265 1943 et
282 1909 347 1942 tamen
362 1903 490 1954 insipientium
504 1901 542 1940 sibi
556 1901 662 1940 adscribit:
687 1901 733 1952 quia
748 1900 823 1940 scilicet

53 1955 155 2006 gloriatus
164 1961 193 1994 est
209 1958 233 1995 de
246 1958 305 1997 relius
318 1957 396 1995 minime
410 1955 510 2007 gloriosis,
532 1956 564 1994 hic
583 1955 608 1994 de
626 1955 776 2006 glorIosissimis.
795 1976 824 1982 -

54 2009 159 2061 φείδομαι,
169 2010 242 2063 parco)
256 2024 315 2063 parce
326 2011 375 2049 haee
388 2015 457 2048 tracto.
471 2031 499 2036 -
518 2005 547 2059 μή
562 2024 605 2057 τις,
620 2023 644 2048 rae
658 2009 710 2061 quis)
733 2008 749 2048 Ο
766 2022 824 2060 quam

52 2076 92 2101 non
106 2066 259 2103 verenturlraeo
272 2065 371 2116 plerique,
392 2065 450 2103 etiarn
464 2064 567 2115 Theologi.
596 2062 696 2118 [Cbuliuus
714 2070 732 2103 et
751 2064 824 2103 euriuus

53 2117 107 2155 bailol
116 2119 178 2166 pauet
188 2119 253 2168 pluris
267 2120 366 2158 (testimari
378 2132 408 2167 se,
430 2133 488 2169 quam
497 2121 536 2168 fas
550 2124 586 2166 est,
603 2119 717 2169 patiuntur:
732 2125 754 2157 ar
766 2132 824 2170 quum

53 2170 132 2209 notabili
145 2173 267 2212 certauerit
278 2180 338 2224 purte
348 2187 410 2225 parces
423 2175 513 2212 DEUM
523 2186 543 2211 ae
561 2174 613 2224 ipsm
632 2187 655 2212 eu
669 2187 691 2212 re
705 2175 825 2222 defraudare

53 2224 162 2262 euistiruesl
190 2227 285 2266 Filiorum
299 2229 355 2266 DEI
369 2228 462 2279 siquidem
476 2230 524 2277 jure
540 2229 640 2279 pervideas,
660 2230 699 2277 fue
718 2230 781 2267 luceat
797 2230 825 2267 lu-

53 2291 96 2316 meu
109 2278 162 2317 istud
173 2285 237 2320 turcia:
257 2283 293 2321 scd
304 2283 435 2334 singularibus
448 2284 504 2322 relus
516 2287 571 2321 caute
584 2289 602 2321 et
614 2295 673 2333 parce
687 2283 716 2331 ati
728 2288 825 2322 uzerueuto.

53 2331 79 2371 V·
95 2332 121 2387 gd
137 2354 165 2360 -
177 2336 258 2387 βλέπει·
278 2332 351 2386 duriti,
365 2338 425 2378 uidet:
446 2338 507 2390 ccidit)
522 2337 542 2375 in
555 2337 596 2376 vita
611 2338 717 2386 commrmi,
740 2350 825 2376 menon

53 2387 157 2440 prohibere
171 2389 256 2429 valente.
717 2406 718 2409 ¹

106 2456 126 2481 v.
136 2447 154 2485 7.
169 2447 203 2484 ἵνα
212 2440 241 2494 μή
252 2442 405 2500 ὑπεραίρωμαι,
419 2452 441 2485 ut
448 2460 472 2485 ae
481 2444 591 2498 extollerer)
597 2444 699 2493 Omnibus,
714 2457 764 2496 quae
774 2444 826 2484 Pau-

53 2496 85 2535 lus
95 2497 140 2549 egit,
156 2498 245 2551 quaeque
259 2513 303 2537 eum
311 2500 458 2551 apudhomines
471 2513 569 2551 magnum,
584 2513 651 2539 carum
661 2504 680 2538 et
692 2499 827 2539 admirabilem

54 2550 152 2599 fecerunt,
169 2553 232 2593 minus
247 2553 312 2593 efferri
324 2559 402 2606 poterat
407 2585 412 2603 ,
432 2568 491 2606 quam
504 2555 546 2603 his,
566 2568 649 2606 quorum
662 2554 705 2606 ipse
720 2568 770 2594 unus
785 2559 827 2593 erat

55 2605 92 2644 sibi
104 2608 198 2647 conscius.
217 2608 276 2648 Vana
286 2613 305 2648 et
316 2609 388 2661 pusilla
402 2614 431 2652 est
443 2610 512 2658 anima,
528 2622 578 2661 quae
590 2610 614 2649 ob
624 2610 724 2649 hominum
736 2610 827 2661 plausum

55 2660 93 2699 sibi
107 2662 215 2714 applaudit.
241 2663 321 2702 Potiora
330 2668 375 2702 sunt
385 2663 444 2703 intus.
467 2662 552 2718 [diarruti
564 2678 610 2704 uero
621 2665 706 2717 periculi
718 2677 827 2715 11111ορ01-

56 2721 81 2753 tet
94 2729 133 2756 erse
147 2718 178 2757 sui
192 2718 304 2767 elationem
328 2731 386 2769 quum
400 2718 498 2770 Apostolo
516 2726 568 2759 tauto
586 2722 680 2771 repopulo
688 2719 754 2767 suerit
767 2720 829 2770 opus!

55 2769 81 2808 V.
95 2771 123 2827 g.]
137 2794 165 2800 —-
179 2769 270 2826 oau'loqu)
284 2773 406 2823 Hesychius:
422 2770 530 2820 caddonac,
545 2771 592 2821 ὀξέα
605 2770 655 2820 ξύλα
667 2768 732 2827 ὀρθαὶ,
745 2773 827 2824 ςαυροὶ.ι

55 2830 133 2865 notatur
140 2827 199 2867 sudes
209 2833 271 2876 acuta,
277 2840 371 2879 pungens.
381 2827 430 2866 conf.
438 2828 507 2877 LXX,
515 2828 573 2867 Num.
579 2834 610 2875 55,
618 2831 649 2870 55.
657 2827 692 2866 ΕΖ.
701 2832 733 2875 28,
740 2830 772 2870 21.
783 2827 829 2866 Hoc

56 2881 148 2930 generale
159 2895 206 2921 mox
215 2882 326 2921 declaratur
335 2882 447 2934 specialiter
456 2897 492 2935 per
504 2884 594 2935 colaphos
602 2882 656 2920 illos:
678 2894 743 2933 neque
753 2881 829 2932 duplex

56 2934 105 2974 haec
116 2937 221 2976 declaratio
232 2937 309 2976 tertiam
322 2936 382 2975 ullam
394 2938 481 2990 requirit,
495 2938 550 2977 varie
561 2940 654 2976 tentatam
668 2935 693 2974 ab
707 2937 737 2984 iis,
752 2936 787 2988 qui
799 2950 829 2976 co-

56 2990 125 3040 11111101
135 2991 239 3044 improprie
254 2992 411 3043 interpretantur.
424 3018 451 3023 -
470 2991 496 3048 τῆ
504 2991 575 3045 σαρκὶ)
590 2990 651 3029 Casus
663 2996 741 3029 sextus:
763 3004 829 3041 carue,

58 3044 83 3082 ad
92 3059 170 3086 carnem
179 3045 321 3085 macerandam.
339 3046 396 3086 idem
408 3060 470 3096 casus,
491 3052 503 3090 1
512 3046 565 3084 Petr.
575 3051 593 3093 5,
603 3049 635 3088 18Ι
645 3048 691 3093 [1,1·
701 3051 721 3088 o.
735 3044 793 3085 Haeo
801 3047 830 3086 in·

56 3098 136 3142 firmitas
149 3102 210 3155 major
222 3107 263 3142 erat
278 3101 366 3142 omnibus
383 3103 446 3157 capite
455 3100 586 3156 praecedente
598 3100 726 3141 enumeratis:
748 3107 768 3142 et
777 3101 829 3143 hanc
