1922 3513
328 230 396 270 reon.
409 232 447 275 rn,
461 236 532 270 r-m.
777 234 812 269 aas

43 334 75 369 tur
87 324 180 365 Corinthii
195 324 306 378 exemplum
317 325 375 366 Pauli
388 332 494 380 spectasse.
509 339 529 364 v.
538 329 557 367 3.
572 348 598 357 -
611 319 719 377 γοῖρισμα,
733 324 814 379 doauru)

44 380 102 434 Quod
115 381 135 419 in
148 380 226 419 homine
239 381 325 420 naturali
339 387 368 421 est
381 380 476 422 naturalis
490 379 577 427 habitus,
592 378 614 427 id
627 378 647 416 in
661 378 733 417 sanctis
746 380 767 420 fit
781 382 813 420 do-

44 450 94 479 uuiu.
124 434 226 474 Otoiusma
239 435 258 473 h.
267 434 281 473 l.
295 441 324 475 est
336 441 387 476 totus
398 437 477 476 habitus
489 434 563 473 animae
574 438 593 471 et
603 433 689 484 corporis
699 433 751 485 apud
760 434 813 474 Chri·

45 493 133 537 stianum,
149 485 244 541 quatenus
258 504 278 528 v.
287 504 317 542 gr.
329 491 440 543 conjugium
449 495 483 529 aut
496 488 602 528 coelibatus
617 487 635 525 ei
644 488 708 540 magis
719 490 814 538 convenit,

45 560 88 587 cum
107 543 215 583 actionibus
233 544 311 597 utrique
330 547 389 585 statui
407 543 564 591 cohaerentibus,
585 542 692 581 secundum
709 549 815 595 praecepta

44 601 88 642 Dei.
116 598 140 637 In
151 603 203 638 statu
214 605 279 638 antem
290 600 420 639 involuntario
432 600 503 639 certius
516 597 610 637 auxilium
617 597 696 648 gratiae
705 598 758 650 apud
765 599 814 651 pios.

98 668 117 692 v.
124 658 144 696 8.
159 652 209 706 λέγω
225 653 256 703 δὲ,
277 656 318 694 dico
331 655 386 708 uero)
405 654 459 693 Gonf.
474 668 493 693 v.
503 659 534 696 12.
549 652 584 691 ubi
598 653 716 704 expressius.
730 678 758 685 -
772 653 816 698 τοῖς

45 703 148 763 ιῖγιῖμαις,
163 708 270 761 coelitibus)
284 709 385 760 utriusque
399 722 464 748 sexus.
486 708 529 747 coll.
545 721 563 745 v.
575 711 607 749 lo.
616 719 631 745 s.
646 731 672 737 -
686 705 772 760 χήραις,
788 707 815 745 ui·

45 761 96 816 duis)
114 761 191 801 Viduos
206 769 226 801 et
238 762 308 802 viduas
323 764 376 802 dicit.
390 789 417 795 -
431 762 542 815 μείνωσιν,
562 760 661 813 ιιιαιιιαιιῖ)
680 762 706 800 in·
717 760 815 800 libertate.

45 842 71 851 -
85 813 113 864 αἷς·
127 813 197 870 adusi,
212 824 233 857 ut
246 818 303 857 etium
317 817 359 872 eqo)
374 818 420 858 Sine
434 830 495 857 uxore
509 822 550 856 tum
563 816 622 855 fuisse
636 814 725 864 Paulum,
741 815 816 867 perspi-

46 884 102 913 cuum
116 875 156 909 est:
173 872 222 911 conf.
238 886 253 911 c.
262 878 280 920 9,
288 878 318 916 5:
335 878 354 912 et
368 886 479 926 quanquam
492 872 524 911 hic
539 871 597 910 etiam
611 870 635 909 de
648 870 713 909 viduis
722 870 816 922 loquitur,

45 934 110 967 tamen
122 925 156 964 ille
170 926 248 966 videtur
261 928 326 979 potius
340 927 399 968 fuisse
414 927 497 977 coelebs,
513 939 572 978 quarn
584 924 662 965 viduus.
682 924 731 964 conf.
744 925 790 964 Act.
798 929 816 972 7,

46 987 78 1026 58.
93 986 112 1019 ct
127 980 224 1033 deinceps.

98 1049 117 1074 v.
126 1041 145 1078 9.
160 1037 267 1088 κρεῖσσον,
289 1037 361 1088 uuelius)
375 1037 415 1076 Hic
429 1035 571 1088 comparativus
585 1033 689 1086 positivum
703 1046 743 1072 non
757 1033 814 1073 tollit.

45 1105 63 1129 v.
73 1094 105 1133 58.
119 1115 146 1122 -
161 1089 175 1138 ἧ
188 1091 307 1143 παρεῖσθαι,
323 1105 382 1142 γιιαιιι
395 1091 436 1145 uui)
445 1091 562 1142 ..Vehemens
575 1088 663 1128 verbum.
691 1089 756 1127 Etiam
772 1101 815 1128 con-

45 1146 108 1184 tinens
121 1148 188 1197 potest
201 1144 280 1193 habere,
296 1146 374 1196 quicum
382 1146 471 1194 luctetur,
488 1143 563 1184 etiamsi
576 1156 615 1182 non
628 1147 702 1190 uratur„
733 1144 815 1182 [llaoiuos

45 1199 132 1250 Aquinas
146 1199 166 1237 in
179 1199 198 1237 h.
211 1199 225 1237 l.
239 1199 279 1248 uri,
293 1200 315 1239 id
327 1206 364 1249 ost,
384 1200 536 1252 cuiuoupisceutiu
550 1198 646 1249 stuteruui.
664 1198 817 1248 coucupiscentia

46 1255 95 1293 cuim
108 1260 136 1293 est
149 1255 203 1292 color
216 1254 295 1305 quidum
309 1256 388 1295 uouius:
409 1256 443 1307 qui
460 1269 504 1307 erqo
519 1253 671 1304 coucupiscentia
685 1252 816 1304 iuuaupuutur,

46 1309 121 1347 calescit
134 1309 215 1359 quidem,
229 1310 314 1349 sednon
328 1310 395 1359 uritur,
410 1310 449 1348 uisi
462 1310 560 1348 humorem
572 1307 649 1359 prauae
660 1308 734 1358 paudut
747 1321 760 1346 a
774 1320 817 1345 cou-

46 1363 162 1414 cupiscentia
179 1369 286 1415 εαγιθιιιῖιιθ.
318 1364 374 1403 Haec
393 1365 441 1404 ustio
462 1362 549 1403 detrudit
569 1361 649 1400 taudem
669 1361 690 1400 in
709 1361 818 1413 gehennam

46 1430 104 1468 rgnrs.
146 1426 149 1430 ’
298 1465 301 1468 .
461 1454 464 1459 .

99 1486 118 1511 v.
127 1477 159 1515 lO-
173 1471 193 1523 π)
207 1471 342 1525 παραγγέλλω
357 1469 382 1514 du
397 1468 446 1525 ἐγώ,
459 1470 561 1524 praecipio
575 1485 614 1510 uou
625 1470 668 1525 epo)
683 1470 750 1511 Simile
758 1483 818 1522 zeug-

46 1539 82 1574 rna,
98 1527 141 1566 uiuo
155 1532 218 1566 outeut
231 1540 270 1564 uou
278 1530 323 1575 γάιιι
337 1540 376 1579 epo.
393 1526 438 1566 Gal.
447 1533 464 1575 2,
474 1532 506 1570 20.
534 1525 571 1564 Vis
582 1524 641 1564 'verbi
651 1525 753 1577 praecipio
768 1525 818 1564 affir-

46 1585 97 1619 mate
111 1580 195 1619 nectitur
209 1595 253 1620 curn
265 1581 366 1620 Doruiuuo.
381 1605 408 1612 -
422 1576 432 1622 ur
448 1580 531 1634 κύριος,
545 1578 651 1633 Dominus)
666 1579 764 1629 Christus,
783 1579 817 1632 qui

46 1635 82 1673 hac
97 1635 121 1673 dc
135 1648 157 1673 re
172 1635 264 1674 docuerat
277 1635 348 1675 Matth.
357 1640 375 1683 5,
386 1642 418 1678 52.
434 1640 466 1683 19,
477 1638 495 1679 lr.
504 1648 519 1674 s.
540 1635 573 1673 vcl
591 1635 649 1673 etiam
661 1634 724 1673 Paulo
738 1635 776 1673 hac
790 1635 815 1673 de

45 1701 67 1727 re
80 1689 158 1728 locutus
169 1695 203 1729 est.
220 1689 264 1728 coll.
278 1704 297 1729 v.
306 1695 338 1733 12.
353 1694 382 1722 -”
392 1686 423 1742 uti
436 1689 577 1742 χωρισθῆναι,
592 1702 630 1728 uou
639 1688 739 1741 soporari)
753 1689 815 1740 Sopa-

46 1749 103 1782 ratur
116 1757 162 1796 pars
176 1744 291 1796 ignobilior,
308 1744 387 1793 nrulier3
407 1744 482 1783 diuuttit
494 1742 587 1790 nobilior,
602 1743 643 1781 vir:
660 1743 706 1781 inde
721 1756 816 1782 conversa

46 1798 120 1837 ratione
135 1799 193 1838 etiam
206 1799 276 1837 mulier
289 1799 352 1838 fidelis
367 1798 437 1837 dicitur
451 1798 552 1837 dimittere:
570 1802 590 1835 ct
602 1797 633 1835 vir
646 1796 740 1846 infidelis,
760 1811 816 1849 sepa-

46 1853 95 1895 rari.
111 1866 130 1891 v.
140 1858 213 1896 1515.

100 1912 159 1949 v.11.
173 1904 222 1955 inlu,
240 1905 265 1957 si)
279 1905 323 1944 Hoc
338 1919 416 1957 quoque
429 1905 449 1944 in
464 1906 501 1944 fine
514 1905 573 1956 hujus
587 1919 656 1945 versus
671 1905 696 1945 de
710 1905 753 1944 viro
768 1905 817 1945 acci-

47 1960 145 2011 piendum.
159 1986 185 1993 -
199 1960 235 2002 καὶ
243 1959 349 2012 χωρισθῇ)
361 1962 417 1999 eticuu
426 1962 592 2010 sepurutofuerit,
607 1965 675 1999 contra
684 1966 817 2013 praeceptum.

100 2029 119 2053 v.
129 2021 160 2057 12.
176 2015 219 2059 τοῖς
234 2016 255 2055 δὲ
269 2012 357 2065 λοιποῖς)
374 2015 440 2053 ceteris
453 2028 509 2062 uero,
529 2014 550 2052 in
563 2015 685 2054 matrimonio
699 2015 818 2054 viventibus.

47 2092 74 2099 -
88 2065 135 2121 ἐγώ,
151 2067 192 2120 eqo)
206 2068 253 2107 Vid.
268 2079 287 2104 V.
296 2072 328 2109 25.
337 2072 376 2106 not.
392 2091 419 2097 -
433 2067 492 2121 λέγω,
507 2068 557 2122 dico)
569 2083 611 2122 non
625 2069 657 2119 ait,
669 2070 776 2121 praecipio,
790 2069 819 2108 nti

47 2135 66 2160 v.
77 2127 108 2164 10.
122 2123 160 2160 hoc
174 2123 253 2171 scilicet,
269 2121 322 2171 quod
335 2134 394 2161 versu
404 2129 436 2165 12.
445 2136 460 2161 s.
476 2127 507 2165 15.
516 2136 532 2162 s.
547 2124 658 2176 etquidem
668 2124 752 2163 maxime
759 2137 819 2163 versu

48 2181 80 2218 15.
86 2189 102 2214 s.
114 2176 189 2214 dicitur.
203 2190 249 2215 uam
257 2175 274 2214 si
282 2188 351 2215 versus
359 2180 447 2220 12-11,
457 2190 545 2216 seorsum
553 2183 672 2230 spectentur,
688 2192 713 2217 ex
721 2191 779 2218 versu
786 2184 819 2221 10.

47 2230 115 2269 fluunt.
129 2253 157 2259 —
171 2229 296 2278 συνευδοκεῖ,
311 2232 411 2286 oouscutit)
425 2231 485 2271 Multi
499 2245 541 2271 esse
555 2238 654 2296 poterant,
670 2233 704 2285 qui
717 2233 750 2272 vel
764 2233 819 2272 dubi·

48 2289 121 2333 tarent,
139 2284 172 2323 vel
185 2297 224 2324 nou
238 2284 365 2324 abhorrerent
379 2300 391 2325 a
404 2286 449 2325 fide.
466 2310 489 2316 -
504 2283 534 2336 pii
548 2287 638 2339 αφιείω,
653 2302 678 2326 ue
691 2288 782 2340 dimittat)
795 2287 820 2326 In

48 2338 75 2377 V.
88 2339 112 2377 Τ.
131 2338 202 2378 arctior
221 2347 262 2381 erat
280 2339 330 2378 haee
347 2340 423 2393 regula.
451 2340 532 2392 Respici
550 2341 569 2379 h.
581 2342 594 2380 l.
614 2340 742 2381 differentiam
754 2342 784 2386 V,
800 2347 820 2381 et

46 2392 73 2432 N.
86 2393 110 2433 T.
126 2394 223 2445 colligitur
238 2408 263 2433 ex
277 2399 377 2438 v.18.15.
392 2400 431 2434 not.

102 2454 162 2491 v.15.
177 2447 242 2502 γαιή,
256 2449 334 2503 auidior)
348 2464 409 2490 soror.

103 2506 163 2546 v.1t.
178 2498 274 2557 ἦγίαςαι)
288 2505 417 2556 sanctificatus
430 2509 465 2550 est,
480 2507 502 2542 ut
516 2503 639 2555 pars-fidelis
654 2509 720 2544 sancte
734 2504 764 2544 uti
778 2516 821 2557 pusn

50 2554 80 2602 sit,
96 2570 160 2609 neque
172 2557 269 2597 dimittere
281 2558 358 2598 debeat.
373 2559 421 2598 conf.
438 2558 507 2600 1Tim.
515 2561 534 2606 lt,
543 2563 561 2601 5.
590 2559 679 2599 Verbum
692 2559 770 2611 ponitur
781 2560 821 2599 val⁴

51 2608 75 2646 de
90 2612 210 2663 significuus3
227 2614 273 2665 quia
287 2614 423 2653 conscientiam
436 2612 510 2664 ubique
525 2614 637 2665 expeditam
652 2614 753 2666 Scriptura
766 2614 822 2653 nubis

51 2672 150 2713 praestare
159 2666 207 2706 vult.
223 2693 248 2700 -
263 2666 288 2708 ἔν’
298 2667 324 2723 τῇ
338 2667 429 2719 γυναικὶ)
444 2673 531 2718 respectu
544 2670 635 2717 inidiotis,
651 2683 694 2708 oum
708 2681 747 2720 qua
760 2666 822 2708 liben·

51 2721 81 2755 ter
89 2726 160 2760 manet.
177 2722 205 2761 sic
215 2721 244 2770 ἐν,
261 2736 277 2761 θ.
285 2724 317 2770 11,
326 2727 357 2764 11.
385 2721 430 2760 Non
441 2721 520 2760 additur
529 2723 590 2773 πιςῆ,
599 2723 661 2775 fideli,
676 2723 720 2762 καί
736 2717 824 2778 oinopot-

51 2786 97 2813 πον.
118 2789 164 2815 nam
177 2777 208 2815 vir
225 2777 306 2829 infidelis
319 2775 389 2825 nescit,
408 2776 455 2828 quid
469 2777 490 2815 fit
498 2778 555 2828 fides·
569 2769 596 2807 ’-
611 2777 653 2817 ἐπεὶ
668 2772 721 2828 ἄρα,
741 2775 824 2830 alioqui)

51 2823 102 2886 llum
115 2836 183 2882 partus
197 2836 312 2883 sequeretur
324 2830 454 2870 conditionem
464 2832 551 2883 parentis
564 2831 649 2884 iaytolelis.
677 2831 714 2869 Est
726 2833 824 2871 matrimo-

52 2892 105 2921 nium
119 2885 254 2925 christianum:
275 2891 304 2925 est
318 2885 396 2926 soboles
411 2886 521 2925 christiana.
536 2909 562 2915 -
577 2884 649 2934 τέκνα,
665 2885 728 2938 liberi)
743 2886 777 2938 qui
790 2899 844 2938 pa·-

77 3007 99 3053 1)
112 3013 149 3044 τοῖς
159 3031 181 3038 -
192 3008 308 3058 γεγαμηκόσι,
320 3011 430 3046 ιηαῖι·ι“αιαιιι“ο
439 3010 512 3058 junctis]
526 3021 578 3055 quum
589 3013 662 3053 uterque
675 3010 741 3052 conJ'ux
753 3011 826 3046 creden-

112 3059 156 3093 tium
173 3071 265 3095 enumero
284 3064 315 3095 cst.
340 3061 444 3105 Antithcton
460 3065 498 3097 ταῖς
515 3058 590 3100 λοιποῖς,
607 3070 624 3092 v.
636 3063 676 3101 153
694 3058 726 3093 ubi
742 3059 826 3097 alterutro

112 3118 153 3152 puts
166 3109 287 3145 estinfinens.
316 3108 335 3144 V.
347 3121 364 3155 γ.
