1922 3513
299 240 302 243 ⁴
357 231 410 265 EPH.
422 232 444 275 Π,
458 236 542 271 14418·
798 234 833 271 265

65 326 183 380 occupatas,
199 323 322 377 respondeat.
336 328 364 356 —'
377 322 406 366 eoi
420 321 537 378 ἀμφότερα,
552 326 616 380 ambo)
630 326 726 365 Neutrum
740 338 775 378 pro
784 339 834 365 mas-

66 383 136 431 culino,
151 395 171 420 v.
180 386 218 429 18,
233 379 339 428 commode,
355 380 496 433 quiasequitur
507 377 537 429 io,
552 395 618 421 uncam.
630 403 658 408 -
671 375 795 434 μεσότοιχον
809 381 834 421 ze

66 437 175 491 φραγμοῦ,
187 435 282 486 parietem
295 435 431 487 interperinum
448 435 507 488 sepis)
525 437 596 476 Paries
614 435 695 482 dicitur,
715 434 760 485 quia
778 436 835 473 inter-

65 491 140 531 vallum
153 488 189 528 fuit
203 489 262 528 valde
276 490 379 539 munitum;
399 503 462 541 sepes,
483 489 528 541 quia
542 504 577 530 suo
591 495 678 541 tempore
692 488 750 527 facile
764 489 835 528 soluta.

62 546 131 600 paries
146 543 240 596 disjungit
254 542 331 594 domos3
347 557 406 596 sepes,
422 544 516 596 regiones.
534 545 582 584 conf.
597 558 616 583 v.
625 550 657 588 19.
686 543 776 582 Innuitur
789 556 836 595 ergo

66 599 169 640 discrimen
179 598 328 638 circumcisionis
340 605 359 638 et
368 599 471 651 praeputii.
493 598 540 651 Ipsa
552 599 673 650 congruebat
684 603 781 638 structura
789 603 837 637 tem-

0 681 1 684 =
65 656 94 709 pli
107 653 278 705 hierosolpunitani.
305 655 376 694 Parias
391 658 410 692 et
423 667 477 705 sepes
491 660 567 693 arcent:
589 659 609 692 et
627 653 743 693 arcebantur
761 657 836 705 gentes,

0 724 1 727 ¹
66 714 161 762 quatenus
170 709 233 748 minus
242 709 373 761 propinquum
384 708 484 748 habebant
494 708 573 758 aditum,
589 721 647 759 quam
655 708 757 748 israelitae
770 721 837 760 quam-

0 803 2 818 ,
65 765 114 804 libet
128 764 219 816 gregarii.
233 786 261 792 -
275 763 351 813 λύσας,
370 764 404 815 qui
416 762 480 816 satuit)
501 763 541 806 Qui
553 764 610 805 soluit
622 785 649 791 -
663 763 697 814 qui
713 764 799 810 sustulit,
819 769 837 802 et

0 845 1 848 =
65 833 105 859 nou
116 819 191 867 iterato,
207 824 260 858 arcte
272 819 382 858 cohaerent.
401 818 445 857 Hoc
453 818 540 866 incisum,
555 825 573 857 et
582 819 642 867 soluit,
659 817 769 857 declaratur
778 830 837 857 versu

0 884 1 897 ³
66 879 109 923 15.,
129 873 249 912 hemistichio
263 873 337 925 priore:
359 874 482 914 hrimicitiam
495 874 572 912 sustulit
584 874 605 912 in
619 888 678 913 caram
691 887 739 920 sua,·
759 872 802 912 coll.
817 885 836 911 v.

0 970 2 978 ι
66 935 98 972 16.
110 929 142 967 fin.
169 929 239 980 Lepem
248 932 348 978 jussuum,
368 928 394 967 ad
407 927 507 967 Israelitas
521 928 600 981 proprie
614 927 788 977 accommodatam,
805 941 836 966 su·

0 984 2 995 ³
65 984 117 1023 stuiit
130 985 151 1024 in
164 984 243 1022 decretis
257 983 332 1034 gratiae
346 983 494 1022 universalibus.
513 983 556 1021 coll.
571 997 590 1022 v.
599 988 631 1026 17.
646 983 687 1023 init.

119 1063 138 1087 v.
146 1053 178 1091 15.
192 1045 231 1097 την
245 1045 336 1101 ἔχθραν,
354 1047 481 1101 inimicitiam)
495 1047 567 1088 Judaei
581 1053 649 1099 gentes
664 1047 835 1088 abominabantur:
850 1075 851 1078 ¹

0 1119 1 1155 j
67 1108 135 1155 gentes
149 1115 184 1154 pro
198 1101 282 1141 ludibrio
293 1102 393 1142 habebant
401 1102 493 1150 Judaeos,
508 1103 533 1141 ob
547 1103 716 1150 circumcisionem,
732 1102 837 1141 sabbatum

1 1177 2 1182 =
67 1163 104 1197 etc.
118 1155 181 1196 -ἐν
194 1155 222 1211 τῇ
231 1155 294 1211 σαρκὶ
306 1152 366 1204 atre,
381 1158 402 1196 iu
413 1171 471 1196 carne
480 1156 525 1208 scca)
540 1156 578 1205 Sic,
594 1158 614 1196 in
625 1172 664 1197 uno
675 1170 761 1208 corpore.
775 1170 794 1195 v.
803 1160 836 1199 λθ.

1 1252 3 1263 Ἴ,
67 1211 86 1266 [i.
98 1226 113 1251 e.
125 1224 163 1263 per
176 1210 285 1261 passionem
299 1216 317 1249 et
329 1216 408 1250 naortem
421 1225 482 1251 suam.
496 1210 523 1250 V.
533 1210 560 1266 g]
575 1233 603 1239 —
617 1209 653 1252 τόα
668 1206 732 1261 νόμον
746 1211 789 1250 τῶν
802 1209 837 1249 ε’ν-
864 1254 868 1257 ,

1 1277 2 1281 ’
66 1265 141 1318 coici-i)
156 1267 214 1316 legem
222 1267 323 1314 jussuum,
339 1266 500 1305 ceremonialium.
518 1287 545 1293 -
563 1266 585 1305 ἓν
600 1261 702 1317 δόγμασι,
717 1265 738 1302 in
752 1264 836 1311 decretis,

0 1340 1 1343 ¹
67 1322 88 1360 in
94 1319 181 1372 placitis)
197 1318 320 1370 evangelicis,
335 1333 370 1371 per
381 1334 432 1371 quae
442 1319 588 1372 proponebatur
596 1317 729 1358 misericordia
737 1318 757 1356 in
765 1330 837 1356 omnes.

0 1413 1 1420 ,
67 1375 175 1423 Col.2,1lr.
188 1378 227 1411 not.
248 1372 330 1426 [easdem
343 1388 403 1423 uoces,
417 1376 468 1414 tanc
481 1375 545 1425 ipsam
558 1387 599 1413 rem
612 1375 720 1421 innuentes,
739 1373 777 1411 aiei.
791 1371 837 1411 Act.

0 1470 1 1474 ,
67 1420 342 1489 16,t.15‚283V.g.]'-
361 1425 507 1482 καταργήσας,
527 1427 601 1480 tollens)
617 1427 666 1468 Cum
678 1429 716 1467 hoc
729 1426 838 1478 participio,

0 1485 1 1510 ἶ
66 1489 88 1523 ut
102 1483 159 1522 modo
174 1481 279 1529 innurmus,
299 1486 402 1534 utrumque
420 1484 454 1532 ε’ν,
472 1483 503 1531 in,
525 1479 663 1522 construitur.¹
677 1481 765 1522 Christus
780 1495 838 1521 carne

67 1551 103 1577 sua
113 1536 238 1584 inimicitiam,
252 1537 370 1587 depmatibus
385 1537 503 1589 evangelicis
516 1537 608 1577 intutum
619 1537 685 1577 orbem
700 1536 766 1575 diditis
780 1539 839 1588 lepem

0 1594 2 1633 i
64 1597 213 1644 praeceptarum
227 1590 311 1630 sustulit.
341 1591 398 1641 Quod
412 1593 428 1631 si
442 1588 467 1632 τό
484 1592 504 1630 in
518 1593 597 1632 decretis
614 1593 721 1643 pertineret
740 1590 766 1629 ad
779 1590 835 1631 ε’ντο-

68 1648 116 1696 λοῖν,
126 1650 225 1696 γ’κεεατιοτ,
240 1657 279 1684 non
292 1651 446 1697 praeponeretur
459 1642 485 1686 το“
498 1647 519 1685 iu
533 1660 591 1686 carne
604 1660 646 1695 sua,
662 1645 698 1685 sed
711 1650 837 1697 postponere·

0 1707 2 1731 t
68 1704 105 1739 tur.
133 1701 170 1740 Est
184 1699 240 1751 quasi
254 1698 299 1738 stilo
313 1700 398 1752 lapidari
411 1701 514 1753 scriptum:

148 1759 186 1813 crin
200 1761 280 1818 ἔχθραν
377 1816 380 1818 μ
479 1772 483 1774 ’
553 1764 575 1804 ἐν
589 1766 615 1819 τῇ
629 1764 692 1817 caput
707 1760 761 1803 arieti

149 1813 265 1869 circipene
280 1818 321 1857 τῶν
337 1817 425 1858 ἐντολῶν
473 1866 477 1881 ,
553 1818 575 1858 ἐν
590 1815 681 1871 δόγμασι

381 1886 522 1927 καταογησας.

67 1957 95 1964 —-
108 1934 145 1983 arie
160 1931 208 1985 tio,
228 1934 283 1987 duos)
297 1935 404 1987 Eleganter
418 1936 488 1975 omittit
502 1936 596 1976 tonantes:
618 1940 676 1975 antea
691 1936 741 1975 enim
755 1935 790 1975 vix
804 1935 839 1975 hu-

1 2012 3 2015 -
67 2004 145 2029 manum
157 2003 228 2028 nomen
241 1990 357 2029 tuitierant.
385 1992 437 2038 Duo,
452 1990 485 2042 qui
500 1995 555 2029 eraut
566 1990 655 2030 aridaeus
670 1996 690 2030 et
702 1990 796 2030 Graecus.
811 2011 838 2019 —

67 2039 153 2093 naenia,
171 2043 248 2095 nouurn)
268 2043 346 2082 sublata
360 2044 475 2096 antiquitate
488 2044 563 2084 literae.
578 2066 605 2072 -
619 2047 697 2092 ποιῶν,
711 2044 799 2099 faciens)
818 2044 839 2086 Α

0 2110 2 2142 1
67 2098 128 2136 verbo
142 2104 217 2137 crearet
229 2097 302 2149 pendet
315 2098 438 2149 participium
446 2100 537 2148 faciens:
559 2105 578 2138 et
592 2113 604 2138 a
617 2100 750 2139 reconciliaret
764 2099 839 2152 pendet

67 2152 158 2191 occidens.
178 2156 281 2203 utrumque
299 2151 359 2191 habet
377 2153 417 2191 vim
436 2153 559 2201 declarandi,
578 2154 669 2193 fluentem
689 2166 714 2192 ex
731 2155 766 2203 iis,
787 2167 838 2205 quae

67 2205 156 2256 proxime
169 2207 295 2256 praecedunt.
310 2228 338 2234 —
352 2205 442 2261 εἰρήνην,
454 2207 533 2261 paceni)
547 2209 603 2248 Haec
617 2209 726 2261 pacificatio
741 2208 839 2248 antecedit

67 2259 247 2311 promngationem.
262 2273 282 2298 v.
291 2265 323 2303 17.

121 2319 180 2356 ολδ.
195 2311 217 2354 ἔν
231 2315 262 2355 ἑνὶ
276 2311 370 2365 σώματι,
389 2315 410 2354 in
424 2330 462 2355 uno
477 2316 566 2370 corpore)
586 2317 638 2356 cruci
652 2317 716 2356 affixo:
744 2317 790 2357 Huc
803 2316 838 2356 ref.

67 2368 89 2406 in
102 2381 140 2406 une
152 2369 226 2418 spiritu.
241 2382 261 2407 v.
270 2373 302 2411 18.
319 2368 374 2407 Oonf.
390 2373 460 2419 c.lr,lr.
474 2392 502 2398 -
516 2368 641 2417 ἀποκτείνας
654 2369 693 2421 την
707 2369 793 2424 ἔχθραν,
809 2386 838 2411 oc·

68 2422 132 2461 cidens
145 2422 272 2475 inimicitiam)
285 2422 414 2473 Inimicitiam,
430 2425 524 2464 adversus
534 2425 599 2464 Deum
610 2425 679 2475 ipsum,
693 2427 764 2473 occidit,
778 2432 838 2465 morte

0 2504 1 2508 .
68 2489 109 2515 sua.
123 2498 151 2504 -
165 2473 187 2516 ἔν
202 2475 269 2531 αὐτῷ)
283 2478 304 2516 in
318 2491 344 2526 eo,
361 2479 402 2517 scil.
416 2479 437 2518 in
452 2493 531 2531 corpore
546 2493 586 2519 suo.
615 2479 669 2519 Oonf.
684 2480 824 2519 antecedentia.

122 2555 141 2580 v.
150 2538 276 2592 mitade,
291 2544 377 2599 ueniens)
392 2558 404 2583 a
417 2550 487 2593 morte,
506 2545 625 2597 profectione
640 2545 665 2585 ad
678 2545 760 2594 inferos,
774 2558 838 2585 resur-

67 2596 158 2643 rectione,
172 2595 235 2634 victor
248 2597 311 2636 laetus
324 2598 366 2650 ipse
380 2601 430 2639 uitro
443 2599 549 2639 nunciavit.
577 2600 656 2652 Insigne
665 2600 752 2639 verbum.
768 2600 837 2643 2Tim.

1 2663 2 2680 ³
69 2655 86 2697 i,
95 2656 126 2693 to.
141 2650 228 2699 Joh,1l‡,
238 2656 268 2695 18.
283 2674 311 2680 -
324 2649 478 2706 εὐηγγελίσατο,
492 2655 638 2709 eoanpciiaauit)
652 2655 741 2694 Verbum
748 2668 784 2707 pro
793 2668 838 2706 par-

68 2704 141 2756 ticipio.
161 2704 204 2743 coll.
223 2699 321 2753 ποιήσας.
340 2710 402 2750 uili.
430 2710 502 2748 Pacem
520 2710 620 2749 nunciavit
638 2723 670 2749 ore
690 2723 724 2748 suo
732 2710 839 2773 apostolic,

1 2768 3 2801 t
68 2756 197 2808 Lus-2156-
211 2758 256 2798 Joh.
265 2765 296 2807 20,
306 2765 337 2803 19.
346 2767 378 2803 21.
387 2768 425 2810 25,
441 2769 460 2803 et
470 2776 506 2815 per
514 2765 551 2804 hos
561 2764 636 2804 ceteris.
650 2787 678 2792 —
691 2764 776 2816 εἷρηνην
790 2760 839 2815 ὑμῖν

68 2811 110 2858 τοῖς
120 2809 205 2865 μακοοῖν
217 2812 268 2866 κτλ.)
283 2813 328 2853 Act.
338 2821 355 2863 2,
364 2821 396 2858 59.
406 2822 445 2857 not.
459 2839 487 2845 -
501 2818 596 2871 καὶτοῖς)
610 2817 725 2870 Elegantiae
736 2823 771 2866 est,
786 2818 839 2871 quod

68 2867 128 2905 semel
142 2867 161 2906 h.
173 2867 187 2905 1.
202 2867 249 2906 dicit
262 2863 357 2921 εἰρήνην,
368 2884 444 2921 pacem.
472 2872 560 2912 Indivisa
574 2878 604 2912 est
617 2886 657 2925 pax
670 2876 802 2924 utrorumque·

1 2962 4 2986 2
122 2937 184 2975 v.18.
198 2929 240 2984 ὅτι)
255 2933 306 2984 puin.
321 2954 349 2960 —
362 2929 415 2988 apic
429 2933 466 2977 το“ν
479 2937 569 2992 πατέρα)
583 2940 611 2977 at
622 2940 711 2984 Patrem,
725 2942 748 2976 ut
762 2937 788 2976 ad
800 2936 838 2976 Pa-

1 2999 4 3014 e
68 2986 123 3024 trem.
151 2986 196 3025 Hoc
209 2999 267 3026 versu
281 2987 303 3026 fit
316 2988 388 3028 mentio
402 2988 479 3040 Christi,
494 2991 582 3044 Spiritus,
596 2992 667 3041 Patris,
682 2991 751 3030 eodem
764 2991 839 3041 ordine,

1 3050 3 3076 ξ
69 3050 108 3087 quo
126 3039 224 3088 Christus,
243 3040 328 3093 Spiritus
345 3043 488 3095 promissionis,
508 3053 527 3087 et
542 3048 597 3087 Deus
615 3049 715 3100 spectatur
733 3059 793 3088 versu
806 3052 838 3090 ta.

70 3088 133 3144 [Ooaf.
149 3109 165 3134 c.
173 3100 191 3144 1,
199 3101 218 3137 5-
227 3094 254 3152 a]
281 3095 358 3146 Aliter,
371 3097 516 3151 Apoe.1,t.5.
