1922 3513
323 231 393 266 >Rom
404 231 436 276 XI,
449 237 477 270 rs.
491 237 520 270 aa
580 231 583 236 ’
788 234 811 269 7⁷
841 223 842 226 ’

41 344 76 387 per
90 342 113 369 ea
127 327 226 380 dogmata,
241 339 291 380 quae
305 326 396 367 fidelibus
409 327 464 367 initio
478 332 525 367 sunt
536 324 648 366 necessaria
662 324 752 377 cognitu:
775 324 812 365 sed

42 398 116 434 meana,
130 383 196 423 multis
207 383 266 421 etiam
274 382 365 422 fidelibus
376 383 449 435 ignota,
465 381 528 421 donec
535 381 575 421 illis
588 393 617 429 ee,
632 379 678 419 fidei
686 380 810 420 charitatisve

41 453 104 490 causa,
118 452 139 478 re
149 443 237 491 cogente,
255 450 280 477 ex
288 437 394 489 Scripturis
403 436 486 476 antehac
496 435 604 488 obsignatis
613 434 741 487 aperirentur.
756 434 810 474 Cous.

41 495 105 540 1Cor,
120 498 152 543 15,
169 499 208 542 51,
222 497 247 542 et,
261 493 282 532 in
296 506 317 531 re
329 492 378 545 pari,
393 492 444 544 pr.
454 497 473 540 5,
485 497 504 535 5.
528 491 644 543 Mystertam
657 489 721 529 fuerat
734 491 811 529 vocatio

40 550 136 603 gentium:
151 562 167 588 c.
179 554 210 597 16,
223 552 255 591 25.
266 560 317 586 nune
325 548 372 586 item
382 547 492 601 mysterium
503 550 533 585 est
544 545 644 588 conversio
657 543 743 584 Israelis.
764 542 811 597 [Ito-

40 619 76 657 que
94 605 191 643 diversum
209 602 302 655 quiddam
320 602 407 641 innuitur
428 615 442 639 ιι
460 601 496 640 toli
514 601 645 649 eonoersz'one,
666 600 730 652 qualis
750 599 813 638 Paua

39 660 153 711 temporibus
167 658 249 710 quotidie
259 658 368 709 prostrabat.
380 653 382 656 ’
393 655 420 694 V.
430 654 458 709 g.]
478 654 598 708 Utrumque,
615 667 688 706 magna
699 666 745 706 pars
758 653 811 692 illius

38 714 130 766 nnpsterii,
145 712 198 765 quod
210 711 333 752 confirmatur
344 710 391 763 ,Ap
403 714 434 759 10,
447 714 465 752 7.
488 710 550 749 Ρο11σ
564 710 581 749 si
594 709 709 760 mysterium
723 712 762 757 est,
776 721 811 761 pa-

38 770 109 808 tienter
121 768 167 808 ferri
175 767 258 816 debent,
274 766 308 819 qui
318 780 358 805 non
368 770 477 816 agnoscunt
489 770 530 804 tarn
542 765 591 814 oito;
607 769 627 803 et
641 763 716 816 sperari
727 768 810 815 tempus,

39 837 97 875 quum
112 836 178 861 omnes
194 827 305 874 agnoscent.
322 847 349 855 -
373 820 393 872 t)
415 816 528 873 φρόνιμοι,
549 818 674 872 prudentes)-
688 818 810 866 soraniontes,

38 878 135 920 eeclesiam
154 879 265 917 Bouianum
281 890 320 915 non
337 889 396 927 posse
416 876 439 913 cle
453 887 500 914 cere.
529 873 633 918 Cluverus:
658 873 706 925 Ipsa
726 873 812 924 mysteria·

38 932 143 985 appellatio
156 933 228 971 fastum
236 931 336 970 ’1111011111
348 928 440 969 retundit.
464 929 517 968 Hine
532 930 628 981 repetitur
641 928 736 967 uronitum
751 941 767 966 c.
778 933 810 975 12,

38 988 76 1036 16,
92 986 144 1039 quod
155 987 197 1039 jam
209 990 274 1025 exstat
284 999 304 1024 v.
315 990 348 1028 20.
359 989 400 1024 not.
414 1006 443 1012 -
457 979 502 1025 dni
515 983 588 1038 με’ρας,
603 998 628 1024 ece
638 982 708 1036 porte)
722 982 810 1021 Molliter

37 1042 128 1094 loquitur.
142 1055 187 1080 nam
202 1043 221 1081 οἱ
234 1040 382 1094 παραθέντες,
397 1039 431 1090 qni
443 1039 531 1080 indurati
543 1045 593 1088 sant,
608 1040 664 1081 erant
672 1043 694 1078 ut
701 1050 761 1077 arena
769 1050 809 1076 ma-

37 1097 69 1145 ris,
80 1110 99 1135 v.
110 1102 127 1139 7.
136 1109 152 1134 c.
160 1102 178 1143 9,
189 1100 221 1137 27.
235 1094 306 1145 Itaque
316 1094 421 1141 conversio,
436 1105 486 1144 quae
495 1106 534 1131 non
543 1093 580 1132 erit
589 1107 615 1133 ea
621 1100 686 1145 porte,
699 1092 736 1132 sed
747 1092 809 1132 omnis

36 1151 127 1198 Israelis)
140 1163 160 1188 v.
168 1162 209 1201 seq.
223 1149 259 1187 erit
267 1147 326 1199 longe
337 1147 509 1186 abundantissima.
524 1146 591 1198 Atque
602 1148 678 1187 interea
690 1147 749 1186 etiam
759 1160 808 1186 sern-

36 1217 72 1257 per
84 1203 145 1256 aliqui
154 1207 302 1243 convertuntur:
318 1201 349 1240 cui
356 1201 386 1240 rei
394 1201 462 1240 fideles
471 1213 547 1253 semper
558 1201 662 1254 invigilare
674 1202 770 1241 convenit.
780 1224 810 1231 -

36 1254 149 1312 πλήρωμα,
167 1256 276 1309 plenitudo)
294 1258 446 1307 supplementum
460 1256 620 1308 copiosissimam.
642 1256 761 1309 antitheton:
784 1256 809 1295 eir

33 1319 97 1364 porte.
116 1311 176 1351 Nulla
187 1310 295 1350 remanebit
303 1323 358 1362 gens,
374 1311 405 1349 oui
419 1323 457 1349 non
468 1311 603 1362 praedicatum
616 1310 675 1350 fuerit
686 1310 810 1362 evangelium

36 1367 57 1405 in
67 1370 108 1405 toto
121 1366 179 1415 orbe3
195 1366 270 1405 etiamsi
280 1378 353 1416 magna
359 1377 406 1416 pars
413 1365 512 1403 hominum
520 1365 572 1404 mala
583 1365 608 1404 sit
618 1379 716 1405 mansura.
728 1390 754 1396 —-
769 1366 810 1412 εἰς·

37 1419 99 1469 ἔλθη,
114 1421 206 1472 ‘inpresso
213 1419 288 1472 fierit)
302 1418 347 1458 Job.
362 1424 393 1467 10,
406 1424 468 1462 216.
495 1419 610 1471 Ingressum
623 1421 675 1459 huuc
688 1419 754 1459 multis
767 1420 810 1471 jam

37 1466 107 1513 sectilis
121 1475 183 1514 multa
196 1474 338 1522 sufflaminant,
357 1486 391 1512 suo
404 1479 491 1525 tempore
504 1473 659 1526 perrumpenda,
674 1479 697 1513 ut
707 1474 809 1526 plenitudo

0 1568 2 1577 ζ
37 1529 140 1579 gentium,
153 1528 229 1580 pridem
243 1533 323 1575 vocata,
343 1527 421 1578 penitus
432 1528 504 1566 intret?
522 1542 546 1567 ac
559 1533 601 1568 tum
614 1528 694 1568 israelis
708 1528 810 1568 obduratio

0 1587 1 1633 ᾗ
37 1583 116 1622 desinet.
130 1582 164 1623 Ps.
174 1588 219 1632 126,
228 1589 273 1626 25.
295 1583 400 1621 Adselona
413 1582 538 1622 christianum
548 1582 807 1635 Pardusprooocutlsrae-

0 1637 2 1688 ἶ
36 1638 91 1676 litas:
104 1637 164 1690 idque
176 1636 317 1689 praesupponit
328 1641 397 1687 gentes
410 1641 454 1676 aute
465 1634 560 1677 Israelem
575 1651 688 1687 conversas,
708 1643 728 1677 et
741 1643 808 1677 tamen

36 1696 101 1742 potest
114 1705 150 1743 per
163 1693 242 1744 plenam
255 1691 335 1730 Israelis
355 1692 500 1730 conversionem
513 1692 583 1732 deinde
597 1693 674 1744 reliqua
688 1692 746 1745 copia
760 1705 806 1745 gen-

0 1739 1 1799 ]
37 1746 84 1784 tium
97 1746 193 1785 lucrifieri.
216 1760 235 1784 v.
246 1752 278 1789 11.
288 1751 319 1788 12.
330 1749 362 1787 15.
373 1751 406 1787 51.
420 1746 455 1784 Eu.
467 1751 498 1794 59,
510 1751 527 1788 7.
538 1752 569 1788 21.
582 1760 608 1785 ss.
624 1752 656 1790 27»

89 1806 152 1843 1126.
166 1802 202 1841 aul
214 1798 276 1849 οὕτω,
290 1805 308 1839 ι1
321 1798 357 1850 sic)
371 1799 423 1838 -Non
433 1800 491 1847 dicit,
506 1807 524 1839 et
536 1807 590 1849 tarrac,
611 1801 648 1839 sed
656 1801 730 1852 majore
742 1801 774 1850 vi,
789 1806 808 1841 et

0 1862 2 1885 ῑ
36 1854 74 1902 sic,
93 1867 132 1905 quo
145 1855 188 1906 ipso
201 1850 227 1895 ud
240 1861 285 1893 turae
299 1853 410 1893 includitur.
436 1867 506 1905 nempe
518 1855 562 1906 ipso
576 1855 656 1895 introitu
668 1856 756 1907 gentium
769 1860 808 1894 ter·
834 1905 836 1908 ι

0 1914 2 1960 ᾖ
36 1907 141 1947 minabitur
152 1909 235 1947 caecitas
245 1907 331 1947 Israelis.
339 1929 367 1936 -
379 1909 422 1952 πᾶς
432 1907 515 1961 ἰσραιῖλ,
529 1910 591 1949 omnis
601 1910 675 1961 Isro'e'l)
688 1909 752 1949 Isra'e'l
761 1922 808 1966 gen-¹

36 1961 275 2009 tibuseoutradistinetus,
290 1961 314 2000 de
327 1974 366 2012 quo
381 1974 399 1999 v.
412 1966 443 2004 25.
466 1961 565 2002 Dicuntur
578 1972 651 2006 nonunt
664 1968 684 2002 et
697 1963 764 2005 sace
778 1977 808 2003 re-

0 2039 1 2042 =
37 2018 105 2067 spectu
119 2030 194 2064 eorum,
216 2016 249 2067 qui
262 2015 349 2067 periere:
367 2014 403 2054 sed
415 2015 480 2068 ipsum
493 2018 610 2065 nestorium,
631 2017 652 2056 in
668 2031 689 2058 se
703 2018 808 2070 copiosum,

1 2113 3 2115 ,
37 2066 571 2125 1ο1111111σ111ἀ11σ1111,1111111212.-’σωθήσειαι)
592 2071 637 2111 Ηοι
651 2072 716 2125 ipsum
724 2074 809 2113 Latinus

0 2151 2 2154 >
38 2125 143 2175 expressit,
162 2126 295 2176 solorrrfieret.
316 2137 355 2163 non
368 2124 440 2177 inepte.
461 2124 563 2166 Sententia
574 2126 624 2167 haee
636 2127 696 2168 inest:
707 2129 808 2179 plenitudo

0 2190 2 2213 i
35 2178 119 2229 pentima
139 2179 227 2227 introbit,
249 2179 314 2218 etsie
332 2180 393 2230 onrfru‘e
412 2181 477 2219 Israel
493 2183 560 2221 sulvus
572 2183 614 2233 fiet.
635 2183 678 2222 sed
699 2180 771 2238 cippos:
783 2180 809 2225 od

0 2235 2 2276 f
37 2246 96 2284 usqne
104 2235 150 2272 dana
160 2234 243 2286 mutavit
251 2233 334 2288 verbum
341 2234 402 2286 prius
416 2232 563 2285 εἰσελεύσεται,
578 2236 598 2274 in
609 2236 703 2292 εἰσέλθῃ,
717 2236 809 2277 manente

37 2287 104 2336 alteru,
118 2284 247 2337 enutriretur.
271 2288 329 2327 Talia
342 2288 388 2327 vide
402 2292 471 2328 notata
482 2289 508 2328 ad
518 2290 581 2329 Maro.
593 2297 612 2339 5,
627 2296 664 2340 27.Ι
683 2292 766 2331 Sensum
776 2305 809 2332 ex-

0 2347 3 2351 ”
36 2341 107 2394 pressit
115 2341 202 2381 Latinus.
217 2367 245 2374 -
259 2338 303 2392 ἥξει
316 2341 339 2383 ἐκ
354 2339 408 2384 occia
421 2365 447 2375 -
464 2340 569 2394 διαθήκη,
585 2343 636 2386 ὅταν
647 2341 758 2397 &aaronita
769 2344 809 2394 τιῖς

37 2395 145 2459 ἁμαρτίας·
152 2392 231 2448 αὐτῶν)
242 2397 318 2446 11159,
328 2403 360 2440 20.
369 2402 401 2440 21.
410 2397 478 2444 LXX,
493 2400 529 2438 καὶ
536 2395 580 2447 ἥξει
588 2399 648 2438 ibera
659 2396 712 2439 occia
721 2423 749 2429 —-
760 2402 809 2442 ὁια-

0 2453 4 2484 1
37 2451 103 2498 disan,
115 2448 158 2490 εἶπε
168 2446 248 2504 Κύριος
261 2452 304 2492 acl.
321 2451 355 2491 Es.
371 2457 402 2500 27,
417 2457 435 2495 9.
451 2451 520 2499 LXX,
533 2453 569 2492 acl
581 2449 632 2493 virt
641 2451 685 2498 ἔςια
696 2450 710 2504 η’
724 2450 808 2508 εὐλογία

4 2530 8 2535 »
38 2498 99 2551 aliod,
114 2501 166 2545 ὅταν
184 2501 296 2556 ἀφέλωμαι
311 2502 349 2556 τήν
367 2502 474 2561 ἁμαρτίαι
491 2503 546 2547 αὐτό
563 2509 605 2548 κιλ.
622 2506 685 2546 Hebr.
709 2514 728 2548 et
747 2510 809 2549 ueniet

0 2558 7 2596 t:
37 2553 149 2618 trtbbrso
166 2558 222 2598 utoni
236 2559 326 2612 (ejusque
339 2560 400 2614 bono]
415 2562 527 2609 Redeuntor,
542 2567 560 2608 et
573 2564 709 2602 reuertentibus
721 2578 735 2602 α
746 2569 808 2603 trans'-
860 2561 862 2570 ‘

38 2619 136 2657 gressroue
150 2612 171 2650 in
185 2611 254 2652 Jacob.
280 2614 355 2654 Paulus
370 2630 386 2655 o.
403 2615 464 2659 5.,in
478 2615 608 2668 descriptione
622 2618 699 2669 peccati
712 2618 809 2670 allegaret
837 2613 839 2616 ¹

0 2687 7 2720 3,
37 2660 137 2725 Psalmum
149 2669 180 2709 11.
196 2672 215 2706 et
224 2667 297 2720 Esajae
311 2675 370 2722 caput
379 2674 412 2713 59.
426 2670 560 2722 potissimum:
578 2672 663 2711 nuncin
677 2671 808 2724 descriptione

38 2715 106 2757 salutis
120 2720 199 2760 eosdem
212 2726 278 2762 textus
293 2724 399 2777 conjungit.
422 2726 444 2767 ἐκ
457 2722 522 2774 σιῶν,
537 2725 569 2774 ait,
583 2731 605 2765 ut
613 2725 681 2775 LXX,
700 2725 734 2766 Ps.
748 2730 780 2778 11,
790 2733 809 2772 7.

0 2773 7 2813 J
38 2768 98 2810 Venit
112 2772 272 2831 1111111111σ1(ἑκ1
286 2791 297 2818 e
314 2778 387 2828 sione,
402 2784 421 2819 et
435 2777 455 2833 (b
467 2779 602 2832 i'veaelbono
618 2780 678 2821 Sioni.
703 2780 809 2823 Adventus

38 2822 100 2865 faetus
114 2833 143 2867 est
157 2831 244 2881 pridem:
258 2833 333 2873 fructus
347 2834 373 2873 ad
386 2848 462 2874 summa
475 2835 577 2887 perveniet
592 2848 627 2874 suo
641 2840 736 2888 tempore.
760 2838 809 2877 Sion

1 2892 11 2908 .
39 2883 68 2916 est
81 2884 148 2931 toturn,
162 2884 183 2923 in
195 2885 267 2926 bonam
280 2893 368 2939 partem,
387 2891 449 2929 Jacob
462 2889 482 2928 h.
495 2889 509 2928 l.
524 2894 554 2929 est
567 2894 638 2939 totum,
652 2891 673 2929 in
686 2895 764 2943 partem
778 2905 809 2932 ses

66 2933 135 2976 ‘crema
148 2946 272 2991 revertentes,
288 2949 332 2983 sunt
346 2957 399 2997 pars

92 3058 122 3093 tua
140 3062 176 3107 μή,
195 3063 222 3110 ne]
240 3065 314 3101 Nullum
325 3078 402 3115 unquam
414 3069 518 3114 mysterium
530 3067 637 3102 annositatis
651 3079 715 3107 caussa
729 3071 810 3111 conside.

97 3109 171 3146 randum
181 3115 217 3148 est:
235 3113 334 3153 humiliatio
347 3128 416 3166 semper
428 3117 532 3164 quaerenda.
558 3115 607 3163 Kp.
