1922 3513
162 265 196 300 176
432 269 440 301 1
456 263 507 298 Coa.
519 263 558 306 XV,
571 268 658 302 52-55.

162 356 191 394 dit
205 356 285 407 phrasin
297 358 360 409 inagis
374 358 497 410 popularem,
511 359 532 397 in
545 360 583 398 ictu
596 359 650 398 oculi.
673 356 771 396 Eximium
782 368 830 408 opus
845 355 929 406 omnipo-

162 411 234 449 tentiae
250 411 337 451 divinae!
360 413 407 463 Quis
423 426 469 465 ergo
484 412 569 461 dubitet,
584 412 697 465 quinetiam
709 412 730 450 in
743 417 804 449 morte
817 410 875 449 homo
886 422 930 461 pos-

162 465 187 505 sit
201 465 265 505 subito
279 467 358 506 liberari
372 481 384 505 a
396 466 493 519 peccato?
502 490 530 496 —
539 466 647 521 σάλπιγγι,
660 466 712 518 tuba)
726 466 789 504 Plena
799 465 890 504 trrbarum
898 463 930 503 de·

162 520 241 572 scriptio
255 527 355 561 reservata
369 522 389 559 in
403 522 538 574 apocalypsin:
554 521 619 572 aliqua
632 526 698 559 tanren
710 525 864 571 praecerpuntur
872 518 930 557 etiam

161 575 233 614 Matth.
242 579 273 624 21,
282 582 313 618 51.
329 581 340 617 1
351 576 419 614 Thess.
429 579 447 624 1,
457 582 488 618 16.
499 576 523 614 de
534 575 581 614 tuba
590 575 667 622 altinum
682 575 734 626 quod
743 574 822 626 quidem
831 573 930 625 epitheton

162 630 200 668 hoc
214 631 256 668 loco
270 642 383 681 expressum
393 635 432 677 est,
447 630 504 668 tubas
518 628 593 681 priores
606 627 877 680 praesupponens:velquia
887 626 930 678 Spi-

162 685 211 723 ritus
225 685 325 734 praeviam
334 683 396 722 Paulo
406 683 519 721 allusionem
534 682 559 720 ad
574 683 701 733 apocalypsin
714 683 825 734 inspiravit:
841 682 874 720 vel
885 682 931 732 quia

162 738 220 777 tuhas
234 737 332 776 indefinite
347 737 422 788 aliquas
437 742 481 775 ante
496 737 581 775 ultimam
596 749 647 783 esse,
663 736 764 788 Scriptura
776 738 852 788 pridem
863 736 929 785 docet:

162 793 195 831 Es.
203 797 234 839 27,
244 797 275 832 15.
284 791 363 837 Je1·.51,
373 797 405 833 27.
415 791 474 830 Zach.
482 796 500 838 9,
510 793 541 832 11.
549 790 611 828 Hebr.
620 794 717 838 12,19.1.
727 791 772 829 Ezr.
781 791 930 842 5,1.velprae-

163 847 218 897 cipue
232 850 322 895 respectu
336 845 395 883 tubae
410 846 430 883 iu
444 845 558 884 ascensione.
573 844 606 882 Ps.
616 850 648 892 17,
662 850 680 887 6.
696 844 740 883 coll.
749 845 794 883 Act.
808 851 826 892 1,
840 851 871 887 11.
885 858 930 883 nam

162 899 238 939 ultiu'tus
251 899 290 937 dici
303 905 376 949 potest,
390 899 425 938 ubi
439 900 477 938 duo
492 903 604 950 spectantur
618 899 760 947 tantummodo„
774 904 849 947 ν.15.,
863 912 887 938 ue
903 899 930 937 di·

162 968 209 1001 cam,
218 952 253 991 ubi
262 966 331 1002 unum3
346 953 399 992 nullo
410 954 470 992 altero
479 953 666 1004 subsequerrte,Ap.
677 959 694 1000 1,
704 959 721 995 7.
729 976 757 982 -
768 955 865 994 calniaco
880 949 930 1007 γαρ)

161 1011 236 1059 clanpct
249 1008 298 1046 carita
311 1007 414 1056 Dominus,
429 1022 464 1059 per
479 1008 622 1058 archangelum.
638 1013 650 1049 1
662 1006 731 1047 Thess.
743 1010 762 1056 1,
773 1013 804 1050 16.
830 1007 931 1046 'iubarum

161 1075 207 1101 usus
222 1062 267 1100 olIm
280 1068 321 1101 erat
336 1062 405 1101 diebus
419 1062 483 1110 iestis,
498 1061 524 1100 ad
538 1060 688 1113 convocandum.
699 1083 726 1089 -
740 1061 783 1113 uui)
798 1068 816 1100 et
828 1062 888 1100 illico.
903 1083 930 1089 -—

161 1114 283 1167 ἄφθαρτον,
301 1117 461 1168 incorruptibiles)
483 1116 565 1168 Proprie
585 1111 688 1154 dicendum
706 1116 784 1154 videtur
802 1116 872 1164 fuisse,
895 1116 930 1155 iuz-

160 1172 261 1217 ruortales,·
280 1184 325 1209 uam
339 1172 508 1223 incorruptibilitas
524 1171 614 1209 irrduetur
628 1183 663 1222 per
682 1171 837 1220 inmutationem,
856 1176 934 1219 v.-.55.‚‚

161 1225 197 1264 sed
210 1226 370 1265 iuunortalitatcru
384 1226 517 1277 complectitur
531 1226 705 1276 incorruptibilitas.

216 1283 275 1321 1255.
291 1279 348 1332 tiro)
362 1282 396 1319 hcc
410 1281 483 1331 ν’]νειινι,
497 1293 596 1331 praeseus.
607 1301 634 1307 -
647 1277 783 1331 α’φθαρσίαν,
797 1279 930 1330 incorruptibi-

161 1332 240 1385 litatem)
255 1347 291 1384 per
306 1335 439 1373 alterationem
453 1335 512 1374 illam.
758 1341 760 1345 ’

216 1402 235 1425 V·
243 1390 276 1431 51·
291 1385 342 1428 duan
358 1389 378 1430 δὲ
391 1414 418 1420 -
433 1386 563 1435 αἷθανασῖνν,
578 1402 635 1439 quum
649 1395 712 1427 auteur
721 1410 748 1415 -
761 1385 930 1438 iruntortalitutcm)

162 1441 282 1481 suavissima
301 1447 330 1480 est
348 1443 416 1481 horum
431 1443 534 1481 uerborum
550 1442 685 1493 trequentatio.
699 1464 726 1470 —
741 1441 798 1490 τότε,
819 1441 870 1494 tarrac)
892 1454 931 1479 non

160 1497 222 1548 prius.
244 1495 302 1534 Certa
317 1502 346 1535 est
356 1496 466 1549 Scriptura:
482 1510 528 1548 ergo
543 1503 595 1535 certa
610 1502 639 1535 est
652 1496 809 1535 1·esur·rectio.-
820 1492 930 1543 uarruifta

162 1548 175 1590 ν’
185 1548 280 1595 θάνατος
294 1551 322 1595 εἰς
335 1551 397 1600 νῖκος,
408 1553 500 1603 absorpta
508 1556 535 1589 est
544 1565 595 1589 litore
603 1552 623 1590 in
632 1551 738 1604 uictoriam)
753 1552 786 1589 Es.
795 1556 826 1598 25,
834 1556 852 1593 S.
861 1549 930 1596 LXX,

161 1603 259 1646 νατέανεν
274 1601 285 1643 o'
300 1598 395 1650 θάνατος
409 1602 501 1658 ἰσχύσας.
515 1606 606 1656 absorpta
616 1611 643 1643 cst
656 1618 694 1644 uuo
705 1607 776 1644 haustu
790 1609 930 1644 momentaneo.

161 1657 210 1696 conf.
221 1657 260 1709 Ap.
274 1660 410 1705 21,1.-εἰς
424 1659 487 1712 νῖκος)
501 1659 562 1698 Hebr.
578 1656 630 1701 nuth
646 1659 699 1711 quod
712 1659 774 1698 LXX
787 1659 880 1707 nouitio,
895 1657 930 1697 sed

160 1712 208 1751 alias
223 1724 282 1763 saepe
297 1717 377 1751 uertunt
390 1714 418 1757 cic
434 1712 493 1759 νῖκος.
752 1760 753 1763 ,

212 1770 272 1808 v.55.
288 1767 317 1805 nt
331 1781 368 1814 aa,
387 1764 479 1815 advers,
499 1762 523 1808 zo*
536 1767 634 1820 κέντρον,
653 1767 682 1809 uri
697 1783 733 1815 aa,
748 1764 799 1820 (idn,
815 1762 841 1807 td
855 1764 929 1818 νὶκοςῑ)

159 1819 404 1868 Hos.15,11.LXX,uc'
415 1817 427 1869 ἡ
439 1820 485 1869 δίκη
493 1821 560 1874 (νίκη)
570 1836 602 1869 aa,
614 1817 709 1869 θάνατε,
723 1824 751 1861 αὖ
765 1820 790 1861 τό
801 1820 885 1873 κέντρον
897 1834 930 1868 σα,

160 1872 213 1925 (idm
230 1874 292 1913 Hebr.
307 1881 365 1930 *paup
381 1883 420 1915 “nu
436 1883 476 1915 utta
491 1881 558 1931 ΤἾΞἾ
573 1885 613 1915 *nh*
628 1874 682 1917 biaut
696 1876 715 1913 h.
727 1889 743 1913 e.
757 1875 790 1913 uin
802 1881 866 1926 pestes
880 1881 929 1921 triae,

160 1930 226 1967 alters?
240 1929 272 1967 uli
280 1928 357 1967 anitium
369 1934 426 1975 tuum,
437 1928 528 1974 irffcrnc?
542 1926 581 1965 vid.
588 1928 664 1967 cumino
670 1928 693 1968 G.
700 1928 774 1968 Olearii
780 1929 825 1968 diss.
832 1929 898 1980 inaug.
906 1928 930 1966 de

160 1982 279 2021 redemtione
298 1995 323 2020 ex
336 1980 420 2019 inferno.
448 1980 473 2018 In
491 1980 528 2019 hoe
548 1981 629 2032 epinicia
648 1984 680 2022 aa
693 1983 797 2035 significat,
816 1988 897 2021 mortem
911 1987 930 2020 et

161 2036 257 2075 infernum
271 2041 328 2074 antea
340 2035 399 2074 valde
413 2036 487 2074 feroces
499 2035 568 2074 fuisse:
582 2049 633 2075 nunc
642 2050 774 2077 conversuros
784 2043 818 2076 est.
834 2033 931 2081 θάνατος

161 2105 213 2130 triers
228 2097 247 2130 et
261 2087 312 2142 ᾅδης
326 2091 414 2139 infernus
428 2102 487 2141 saepe
501 2090 609 2141 promiscue
623 2098 750 2143 usurpantem
766 2092 801 2131 sed
816 2097 881 2131 tamen
895 2090 930 2129 dif-

161 2145 236 2193 ferunt,
250 2145 373 2195 nequeenim
384 2156 419 2195 pro
435 2144 495 2182 altero
510 2150 554 2183 utro
569 2157 645 2196 semper
658 2148 740 2186 alterum
754 2146 846 2186 substitui
859 2151 929 2197 potest.

161 2198 547 2249 nimirumirfferuusopponiturcoe103
565 2213 627 2247 inore,
645 2201 706 2251 vitae,
726 2207 745 2240 et
758 2215 810 2240 irrora
824 2205 854 2239 est
867 2200 929 2251 prior-3

161 2255 251 2303 tractatus
265 2252 385 2305 profundior.
399 2265 450 2290 artare
465 2252 535 2302 accipit
548 2265 629 2304 corpora
640 2255 681 2293 sino
696 2256 774 2303 animis,
788 2257 877 2304 infernus
891 2255 930 2292 ani-

160 2322 214 2358 mas,
229 2309 287 2347 etiam
297 2307 338 2346 sine
347 2306 468 2357 corporibus:
484 2319 522 2344 uon
536 2307 597 2356 modo¹
606 2307 717 2358 impiorum,
732 2310 835 2348 sedetiam
849 2311 930 2361 piorum,

161 2370 207 2403 ante
220 2369 303 2402 mortem
319 2361 391 2400 Christi
406 2361 489 2411 quidem.
510 2358 559 2398 Gerr.
568 2366 600 2407 57,
610 2367 642 2404 55.
657 2363 705 2401 Luc.
716 2369 747 2411 16,
759 2370 790 2406 25.
815 2364 863 2402 Ideo
874 2364 930 2415 junc-

160 2420 196 2457 tim
210 2421 351 2464 memorantur:
372 2421 391 2454 et
405 2416 425 2454 iu
440 2414 554 2467 gradatione
569 2415 648 2464 dicitur,
668 2431 719 2456 ννανε
738 2424 756 2456 et
772 2419 865 2468 afferatus.
887 2418 929 2457 coll.

160 2473 323 2524 1112111511,
337 2476 355 2517 6,
363 2475 382 2513 8.
397 2476 466 2518 1,17.;
481 2468 551 2520 quibus
566 2470 586 2507 in
597 2470 651 2518 locis,
666 2473 745 2511 evidens
755 2478 789 2521 est,
803 2487 838 2525 pro
853 2471 930 2522 irffcruo

161 2540 200 2566 non
213 2539 271 2579 posse
285 2525 376 2564 substitui
390 2525 475 2574 sepulcri
487 2523 610 2563 vocabulum.
638 2525 700 2564 Porro
715 2527 760 2577 quia
778 2528 809 2567 hic
824 2528 848 2567 de
863 2541 930 2579 corpo·

161 2595 205 2621 rum
222 2580 364 2619 resurrectione
383 2579 457 2629 agitur,
476 2577 521 2616 ideo
535 2578 624 2627 affamur
637 2582 726 2620 nonnisi
740 2582 800 2621 semel
814 2583 930 2635 appellatur,

161 2649 213 2676 mors
228 2647 297 2686 saepe,
316 2633 374 2672 etiam
388 2646 406 2670 v.
423 2645 464 2683 seq.
478 2653 506 2659 -—
519 2628 544 2672 zo*
558 2631 650 2686 κέντρον)
668 2639 754 2686 actilens,
766 2639 881 2688 pestffcrnan
897 2638 930 2676 ha-

161 2692 210 2732 bens
225 2702 327 2729 uenenum.
355 2686 429 2725 Paulus
448 2686 547 2725 uictoriam
565 2692 584 2725 et
602 2691 688 2730 actileurn
705 2692 821 2743 transponit:
841 2693 862 2731 id
877 2691 931 2744 quod

160 2759 200 2786 non
214 2745 276 2786 solum
289 2741 352 2794 magis
366 2741 455 2791 congruit
469 2755 512 2779 curn
525 2754 675 2792 synonymorum
687 2744 822 2785 hebraicorum
833 2747 931 2798 gradatio-

161 2813 195 2849 ne,
215 2800 250 2839 sed
265 2799 323 2837 etiam
338 2796 487 2836 commodiorem
501 2795 547 2834 facit
564 2798 695 2848 transitionem
709 2801 735 2839 ad
749 2814 826 2840 versum
841 2815 882 2854 seq.
897 2801 932 2841 uhi

161 2856 239 2895 aculeus
259 2859 278 2893 et
292 2852 380 2905 potacula
400 2856 444 2890 sunt
462 2850 530 2888 affinia.
559 2851 660 2901 Stiirrulm,
682 2856 767 2909 κέντρον
781 2857 853 2908 majus:
872 2856 930 2910 (coni

161 2909 300 2961 11112111.)
315 2909 402 2955 actilens,
417 2903 501 2958 νέντραν
515 2904 587 2944 minus:
602 2907 699 2947 interdum
712 2911 821 2961 promiscue
836 2912 874 2950 dici
887 2924 931 2963 pos·

162 2970 216 3014 sunt,
230 2963 265 3002 ubi
279 2976 290 3000 a
305 2962 412 3014 quantitate
428 2959 551 2998 abstrahitur.
579 2960 643 3001 Etiam
657 2969 723 3003 contra
736 2968 823 3005 aciacum
836 2967 856 3005 in
870 2967 930 3018 spinis

161 3024 227 3072 potest
241 3017 378 3057 calcitrari.—
389 3013 439 3070 tna,
454 3014 537 3066 inferna]
552 3012 595 3053 Nou
608 3017 710 3058 denotatur·
725 3020 756 3059 hic
771 3022 845 3060 aeterni
858 3021 930 3073 suppli-

163 3075 188 3113 cii
200 3074 263 3121 locus,
278 3072 312 3111 sed
327 3069 472 3123 receptaculum
487 3069 602 3119 animarum,
618 3073 638 3111 in
651 3075 793 3115 resurrectione
808 3090 851 3115 cum
864 3090 930 3127 corpo·

162 3128 216 3171 ribus
230 3128 300 3168 iterum
314 3124 498 3180 conjungendarum.
525 3123 558 3165 Nil
569 3125 610 3179 jam
624 3128 655 3171 hic
670 3129 694 3171 de
709 3130 796 3182 diabolo,
812 3131 856 3172 coll.
868 3131 929 3173 Hebr.
