1922 3513
95 215 130 256 tue
340 216 350 250 1
364 209 449 254 (ῘΟΙΠ,
462 213 490 250 15·
514 209 548 253 VI,
561 212 622 249 1-7.

94 307 153 359 hujus
167 305 236 358 capitis
251 307 372 348 conveniens.
393 306 494 347 Particula
507 307 543 348 καῖ
557 319 601 346 cum
613 308 655 344 tota
665 301 760 344 sententie
769 300 807 340 huc
819 298 865 339 eita-

94 368 127 402 tur
139 375 164 400 ex
173 361 246 411 LXX,
260 363 320 403 Deut.
329 367 388 412 rm.
403 367 435 411 19,
444 367 476 406 19.
490 364 522 411 11,
531 366 549 405 7.
562 362 609 411 καὶ,
623 366 680 412 utque
693 360 726 399 itu.
743 356 791 396 Non
801 359 866 397 autem

95 417 210 469 praefigitur
229 418 249 457 h.
263 418 277 457 l.
295 418 355 465 illud,
375 418 424 456 sicut
441 419 532 469 seriptum
550 422 587 455 est:
605 414 665 465 idque
679 414 701 453 fit
713 411 747 452 vel
760 410 865 450 seueritatis

96 485 165 521 causa,
179 473 213 512 vel
227 472 273 525 quia
288 471 388 527 ἕξαρξῖτε,
402 470 464 511 Hehr.
479 478 545 513 nutat
560 469 613 522 apud
620 468 692 509 Mosen
706 467 730 507 de
741 463 831 527 imprchc
840 477 865 504 ex

95 526 169 580 populo
184 540 220 580 per
233 526 358 580 supplicium
374 526 427 578 apud
441 524 550 577 apostolum
564 524 589 563 de
602 524 691 576 improbo
701 536 726 561 ex
734 520 817 560 ecclesia
830 532 866 571 per

97 583 315 621 excommunicationem
328 580 414 620 tollendo
428 580 512 631 ponitur.
527 602 554 610 -
571 574 608 619 re'u
627 574 730 629 πονηρόν,
750 573 864 626 irreprehuru)

96 649 116 676 v.
125 643 143 680 2.
151 642 171 680 9.
183 661 210 668 —
224 633 283 687 ὑμῶν
297 631 375 684 αὐτῶν,
389 632 509 686 vobisipsis)
528 632 561 673 Sic
574 632 637 671 LXX
651 644 716 683 saepe.
744 628 865 678 Antithetcn,

21 737 23 739 ,
97 698 196 740 exterreor,
210 691 229 730 h.
243 690 257 728 l.

353 787 604 864 earurvr.

151 929 170 955 v.
179 921 197 959 1.
215 914 293 968 Τολμᾷ,
307 914 373 968 eadee)
387 913 463 954 Grandi
476 912 537 953 verbo
551 917 629 953 notatur
642 913 696 953 laesa
709 914 801 966 majestas
813 914 867 955 Chri-

96 970 209 1033 stianorum.
224 994 250 1002 —-
264 972 307 1018 τῖς,
323 968 402 1033 uliquis)
417 968 454 1031 vel.
465 980 521 1033 unus.
535 993 563 1000 -
576 967 699 1031 repleretur)
710 969 808 1033 lledium,
822 970 834 1009 i.
849 984 866 1010 e.

96 1024 160 1080 κρίμα
175 1039 239 1077 spur,
252 1037 272 1062 v.
281 1028 299 1066 7.
311 1047 337 1056 -
348 1022 433 1072 udluur,
446 1022 530 1075 ruyrutrr)
545 1021 613 1061 Omms
627 1025 708 1075 erfidetzr
721 1026 813 1074 injustus,
826 1024 867 1076 ple-

19 1077 21 1087 ’
96 1090 179 1131 rumque
193 1078 252 1117 etiem
265 1077 354 1117 civiliter.
368 1100 396 1107 -
410 1075 445 1117 ἐπὶ
459 1078 501 1117 τῶν
517 1074 590 1130 eiulatu,
603 1078 637 1116 sub
651 1078 731 1131 sanctis)
746 1077 867 1119 Christianis.

96 1133 193 1185 Magnum
204 1133 237 1185 jus
246 1132 342 1182 fidelium,
357 1132 416 1171 etiam
425 1131 491 1170 civilia
498 1131 579 1183 negotiu
592 1132 643 1170 inter
652 1145 674 1171 se
684 1133 821 1186 componendi:
835 1147 868 1173 ne-

97 1201 136 1240 que
145 1186 205 1227 debet
214 1187 340 1239 magistratus
350 1200 393 1226 sese
402 1190 466 1225 totum
474 1186 564 1237 ingerere
573 1186 632 1225 rebus
641 1187 733 1238 privatis,
747 1188 785 1227 nisi
796 1201 868 1238 eorum,

97 1256 110 1281 a
118 1241 190 1295 quibus
199 1241 270 1294 aditur.
290 1241 372 1281 Judueis
381 1240 443 1280 multa
453 1239 582 1293 indulgebant
591 1242 716 1291 magistratus
724 1242 821 1294 gentium:
831 1256 868 1282 nec

98 1296 124 1336 ab
138 1296 220 1337 Judueis
235 1296 299 1335 adhuc
312 1296 333 1335 in
347 1309 370 1335 ea
383 1300 440 1348 parte
456 1295 541 1335 distincti
556 1300 611 1334 erant
625 1295 734 1336 Christiani.

152 1365 171 1389 v.
181 1358 200 1393 2.
215 1347 240 1391 ἐκ
256 1351 335 1399 οἴδατε,
349 1364 376 1389 au
384 1349 467 1401 uescitis)
483 1349 552 1389 Series
561 1350 599 1389 hcc
608 1363 646 1389 uno
656 1351 719 1402 capite
729 1351 778 1389 haec
786 1350 869 1391 formula

99 1405 213 1454 adhibetur,
227 1405 333 1457 magnavi.
356 1404 449 1445 Sciebant
457 1404 561 1451 Corinthii,
577 1409 596 1443 et
607 1416 628 1443 se
636 1405 685 1444 scire
695 1404 819 1456 gaudebant3
834 1406 870 1446 sed

98 1459 271 1511 contrasagehant.
285 1480 313 1486 -
327 1462 347 1501 οἱ
361 1457 431 1511 ἅγιοι,
445 1458 516 1510 structi)
527 1458 610 1511 judicati
623 1459 677 1510 prius
691 1459 770 1510 ipsi—
781 1456 818 1500 eir
832 1457 870 1501 κό-

98 1529 163 1564 σμον,
180 1513 281 1566 muudum)
301 1526 333 1552 ecs
352 1513 464 1561 universos,
485 1513 519 1564 qui
537 1526 576 1552 non
593 1518 638 1553 sunt
653 1515 720 1553 suncti.
748 1513 869 1563 Antitheton,

98 1565 206 1621 ἱὶαχῖςων,
220 1568 308 1607 uriuiuric.
323 1567 372 1606 conf.
383 1573 424 1615 15,
435 1573 467 1609 22.
481 1588 509 1595 -—
522 1568 616 1621 aperire,
626 1567 751 1622 judicatum)
764 1568 869 1608 Futurum:

99 1621 144 1667 coll.
153 1635 172 1660 v.
180 1628 199 1664 5.
210 1621 249 1673 Ap.
258 1627 290 1669 20,
298 1624 317 1665 [ι.
328 1621 462 1673 Interponitur
469 1635 568 1674 praesens,
577 1623 689 1671 judicatur:
701 1623 745 1661 coll.
753 1622 798 1661 Jch.
808 1627 839 1671 15,
849 1629 868 1667 8.

97 1676 163 1715 Etiam
178 1676 240 1715 civilis
256 1677 359 1728 potestatis
373 1676 431 1728 potiti
443 1681 488 1715 sunt
497 1676 559 1715 sancti
568 1677 604 1715 sub
614 1676 739 1716 Constantino
748 1677 777 1716 M.
786 1678 807 1717 id
816 1678 870 1729 qucd

97 1730 221 1783 praeludium
236 1737 265 1771 est
279 1729 393 1770 firturorum.
422 1729 762 1784 [11111111111-11111811111111,
776 1739 870 1784 tuuquuru

97 1786 119 1824 iu
137 1786 230 1834 transitu,
250 1786 329 1825 rudium
347 1786 426 1825 subinde
444 1786 527 1837 aliquem
545 1787 625 1825 eatibet.
657 1787 740 1837 Superbi
757 1788 806 1826 teliu
827 1801 869 1826 ccu-

98 1846 194 1880 temuuut:
214 1846 235 1880 at
252 1841 332 1880 humiles
345 1842 410 1889 corde,
430 1841 495 1879 sobrie
513 1841 599 1880 uidelicet
615 1847 685 1889 merite,
704 1847 782 1892 reposta
802 1847 870 1881 teueut.

100 1895 179 1934 Occulta
193 1895 269 1935 Surretie
282 1898 373 1945 majestas
387 1902 424 1943 est,
437 1909 472 1934 suo
487 1901 570 1947 tempore
583 1897 694 1935 reuetuudu.
721 1895 747 1935 V.
762 1895 826 1951 11]-
840 1896 870 1946 ἐν,

99 1948 128 2002 iu)
143 1948 197 1988 Gcnf.
207 1950 253 1989 Aet.
263 1955 295 1998 17,
305 1955 373 1993 51*
386 1943 470 1996 ἀνάξιοί
489 1948 535 2000 ἕςε,
552 1950 628 2002 iudipui
640 1949 691 2002 estis)
711 1950 869 1990 Communicetio.

152 2010 198 2047 1-5.
213 2001 311 2057 ᾰγγὲλ1ς,
325 2003 411 2056 cupetur)
426 2015 467 2051 eos,
483 2004 517 2054 qui
530 2017 570 2043 non
580 2009 626 2043 sunt
639 2005 711 2044 saucti:
726 2009 745 2044 et
756 2005 784 2044 sic
793 2018 870 2058 quoque

98 2058 187 2098 homines
199 2059 267 2098 malos.
294 2057 340 2097 Non
355 2058 433 2097 additur
448 2057 546 2098 articulus.
574 2058 679 2107 Gradatio,
694 2065 785 2112 respectu
798 2060 871 2100 muudi.

98 2133 127 2141 —-
140 2108 244 2165 βιωτικοῖ,
258 2127 290 2153 ree
303 2115 332 2152 ud
343 2113 413 2152 uictum
422 2113 547 2166 pertiueutes)
562 2113 620 2161 viles,
634 2114 651 2153 si
665 2114 690 2153 ad
703 2114 783 2166 angelos
794 2127 870 2167 compa·

98 2172 172 2207 rentur.

154 2224 201 2265 11.
215 2214 253 2267 trie
266 2218 415 2272 ἕξθθενημὲνθς
428 2219 450 2259 ἕν
461 2217 488 2276 τῇ
502 2220 606 2275 iuulucip)
621 2223 695 2273 eosqui
708 2223 728 2262 iu
740 2223 818 2262 ecelesia
827 2229 872 2262 suut

99 2279 130 2317 uel
142 2275 258 2323 teuuissiuri5
276 2275 356 2327 quosvis
369 2274 443 2326 potiuS,
459 2287 518 2325 quum
532 2275 623 2315 ethnicos.
639 2277 728 2316 minimus
742 2278 825 2329 quisque
838 2278 871 2316 vel

99 2331 186 2371 maxima
199 2330 219 2369 in
232 2329 292 2370 rebus
306 2329 390 2369 externis
404 2329 484 2380 negotia
498 2330 555 2381 capit.
578 2328 670 2384 [adeoque
687 2345 726 2370 ucu
740 2333 768 2369 ud
781 2332 872 2383 critiquas

100 2388 176 2437 quidem
190 2384 310 2425 ethnicorum
324 2387 383 2438 Zepes,
397 2390 482 2423 uttarueu
496 2397 520 2422 ex
533 2398 581 2424 ueru
598 2385 696 2437 aequitate
711 2386 800 2425 dirimere
816 2389 871 2426 uertet.

99 2441 126 2480 V.
142 2440 169 2496 gd
191 2439 240 2479 conf.
251 2454 267 2479 1.
277 2446 295 2487 1,
307 2444 340 2483 28.
355 2445 387 2487 11,
398 2445 430 2482 22.
444 2439 512 2490 itaque
525 2440 622 2486 καθίζετε
641 2443 729 2480 collocate
747 2446 777 2480 est
789 2441 872 2493 impera-

100 2496 158 2534 tivus.
187 2493 262 2548 [Neque
279 2500 342 2533 tamen
356 2495 445 2543 Judicuru
461 2494 578 2533 ethnicorum
591 2495 637 2545 suri
649 2496 754 2548 quidquem
768 2510 792 2535 eu
805 2509 827 2535 re
841 2498 872 2535 ele-

100 2552 166 2590 cedere
179 2548 328 2588 eaer'stimuuduru
342 2555 389 2588 erut.
417 2547 443 2586 V.
457 2547 485 2602 g.]
872 2592 886 2599 ᾖ

155 2617 174 2643 v.
183 2607 202 2647 5.
216 2599 270 2657 πρός
283 2599 393 2655 ἒντροπήν,
407 2603 436 2640 ud
444 2601 547 2655 pudorem)
566 2602 700 2656 Oompescitur
718 2605 791 2658 irptutic
805 2604 872 2644 (lorin-

101 2658 172 2699 thiace.
189 2672 205 2698 c.
213 2661 245 2706 15,
253 2659 286 2700 51.
295 2678 323 2683 -
332 2652 404 2705 σοῳός,
418 2655 504 2708 cupiens)
520 2655 640 2708 Sapientiam
649 2659 769 2699 mirabantur
778 2660 837 2700 alias:
853 2665 872 2699 et

101 2709 198 2767 sapientia
212 2712 238 2752 ad
252 2711 387 2763 dijudicandus
401 2722 432 2749 res
440 2712 557 2760 facultatem
570 2713 628 2764 parit.
637 2736 665 2744 —-
677 2710 723 2754 οὐδὲ
737 2713 772 2761 εἷς,
786 2728 811 2754 ue
822 2728 872 2754 uuus

100 2767 184 2822 quidem)
199 2766 239 2807 Vel
250 2765 375 2807 tenuissimus
387 2764 473 2805 fidelium
482 2766 567 2817 optatior
580 2772 599 2806 et
613 2767 719 2819 sapientior
730 2768 799 2819 judex,
814 2771 873 2820 quam

100 2823 213 2877 impiue.-
224 2817 345 2874 δυνήσεται)
359 2819 458 2859 futurum
465 2821 546 2872 poterit,
561 2820 578 2859 si
592 2821 749 2862 adhibeatur-
758 2823 872 2877 decapitat)

100 2879 213 2931 disceptare.
229 2876 250 2915 id
260 2875 324 2915 differt
336 2889 348 2914 a
361 2875 442 2926 κρῖναι,
451 2876 548 2925 judicare.
557 2896 585 2903 —
594 2873 680 2929 u'detrpsi,
690 2876 785 2930 fratrem)
801 2877 872 2917 Nume-

100 2946 135 2973 rus
149 2931 260 2986 eingularis,
274 2944 310 2984 pro
321 2929 400 2984 plurali,
416 2928 442 2968 ad
455 2929 576 2970 facillitatem
586 2930 616 2973 rei
628 2931 743 2972 notandam:
757 2932 806 2983 vult,
821 2938 872 2973 aeto-

101 3000 144 3027 rem
158 2992 177 3026 et
190 3000 246 3027 reum
259 2986 310 3026 inter
324 2986 348 3026 se.
360 2983 479 3037 transigere,
494 2984 535 3025 sine
550 2998 610 3037 opera
621 2986 700 3038 judicis.

157 3047 202 3084 16.
216 3041 253 3083 καὶ
266 3041 343 3091 τοῦτο,
356 3046 375 3080 et
387 3039 431 3092 lece)
453 3039 496 3088 Sic,
510 3047 528 3080 et
540 3041 598 3089 duee,
612 3055 631 3081 v.
642 3047 661 3088 8.
675 3041 737 3082 Hebr.
748 3046 785 3089 11,
799 3046 831 3087 12.

155 3108 176 3136 v.
185 3100 204 3140 7.
218 3093 278 3149 ὅλως)
296 3094 397 3137 Particulu
411 3100 497 3138 morata:
516 3109 533 3136 e·
546 3099 569 3145 5,
583 3101 601 3139 1.
617 3097 722 3152 opponitur
735 3096 829 3151 implicite
842 3098 872 3153 τῷ
