1922 3513
326 226 383 262 noar.
394 224 434 266 vn,
447 226 519 262 7-15.
779 204 812 250 ‘rt

41 339 145 378 insensum
153 326 238 375 inerunt,
251 324 359 374 eademqne
368 323 470 372 peccatam
478 313 549 368 prodit,
563 315 586 350 ut
594 309 658 372 innuis
667 309 738 360 ignem.
752 307 812 347 Hrnrc

41 380 161 442 διορισμόν,
181 384 232 422 hanc
246 375 466 420 contradistinctionem,
487 368 575 429 indicant
588 363 707 417 particulae,
726 362 748 404 τὲ
762 359 812 415 γαρ,

0 445 2 489 ξ
41 443 111 484 etenim.
128 444 147 477 et
158 442 267 489 peccatam,
282 446 342 472 unum
355 428 406 469 illud
418 427 492 466 malum
505 421 623 468 inhabitans,
639 423 731 470 operatur
745 430 812 455 coacu-

38 495 150 549 pisceatinnr
161 492 246 531 variam:
261 503 280 527 v.
292 500 333 539 seq.
348 490 368 524 et
381 495 458 523 rursum
472 474 631 529 concupiscentia
645 472 698 525 parit
710 477 813 524 peccatum

41 551 197 590 consummatum.
213 544 257 584 Jac.
267 548 285 590 l,
297 545 329 584 15.
359 538 469 593 [Peccatum
483 537 529 573 latet
543 532 564 570 ia
577 529 671 576 tomiae,-
681 532 702 566 at
714 530 779 565 aeetias
792 525 813 563 ia

39 611 95 657 pota,
111 602 153 653 qai,
167 601 185 639 si
198 614 223 639 ex
236 597 342 637 sensatione
351 594 437 645 judices,
447 587 590 642 fripidirsiaans
604 597 644 624 esse
654 587 723 635 Potest.
744 579 771 618 V.
785 578 812 633 g.]

40 681 68 703 ——,
82 653 119 698 oria
132 652 198 707 nidera)
212 664 334 699 narranaam,
350 644 527 699 concupiscentiam
542 653 585 679 esse
599 637 677 677 malam.
694 635 728 675 vel
740 634 812 687 potius,

40 726 78 751 non
90 700 157 749 noram
170 709 233 760 ipsam
246 704 427 756 concupiscentiam.
442 704 506 739 motus
521 696 600 743 demum
611 691 693 732 incurrit
703 691 724 730 in
738 689 813 736 oeulos.
850 708 852 719 ι

41 789 67 795 -
80 764 157 816 ἔλεγεν,
173 761 251 812 diceret)
264 760 321 800 Dixit
335 763 409 804 antem,
423 767 459 807 por
474 766 505 802 se3
525 757 576 798 tum,
591 749 611 788 in
626 747 690 790 animo
703 757 747 785 meo
762 742 812 784 conf.

40 821 134 865 cernente,
149 831 168 856 v.
178 823 196 859 9.
750 832 752 835 ·

94 886 112 910 v.
120 876 139 914 3.
155 868 192 911 dra*
206 871 242 919 τῆς
256 866 347 918 ἐντολῆς,
359 880 398 918 per
406 859 542 916 praeceptam)
558 858 635 898 Gonstr.
647 870 692 896 cum
700 854 813 919 verboserp.

40 929 68 967 uti
79 941 98 966 v.
105 931 137 968 ll.
145 926 182 965 bis.
190 946 218 953 -
227 924 290 977 χωρὶς
296 947 322 953 -
329 916 402 974 perpet,
413 919 454 958 siae
460 939 487 944 —
493 914 598 967 naortanar)
605 912 697 951 Axioma.
705 933 734 939 -
742 923 813 962 νεκρα,

40 980 141 1032 naortaura)
157 993 183 1019 se.
196 984 248 1019 erat:
263 990 301 1015 non
315 976 343 1014 ita
356 974 434 1013 furebat
447 985 483 1025 per
493 967 676 1020 concupipcentiam.
692 965 735 1004 vel:
753 969 785 1002 est.

93 1040 139 1076 κθ.
153 1032 215 1081 ἔζων,
233 1031 327 1083 cinctam]
345 1029 382 1078 ζῆν
396 1029 415 1066 h.
429 1028 442 1065 l.
457 1039 497 1065 non
510 1023 607 1075 significat
622 1021 719 1061 duntaxat
733 1020 813 1070 depere5

40 1090 76 1128 ¹red
93 1088 170 1140 ponitru·
188 1087 320 1136 inexpressa
338 1082 429 1121 antithesi
449 1081 474 1120 ad
488 1085 572 1118 rrrortera.
601 1077 668 1116 Tenus
682 1074 811 1126 pharisaicus.

41 1142 89 1181 conf.
104 1156 123 1180 v.
135 1154 176 1192 seq.
205 1139 265 1192 [Bene
278 1137 355 1184 valere,
375 1137 422 1176 inihi
440 1135 515 1185 quidem
529 1133 615 1171 videbar.
629 1130 656 1169 V.
666 1129 694 1183 gt]
708 1152 737 1158 -
750 1126 813 1181 χωρὶς

40 1193 100 1247 νόμον)
113 1196 153 1232 siae
163 1195 211 1245 repe)
224 1193 269 1243 lege
280 1197 349 1238 amota,
365 1190 434 1240 procul
442 1188 516 1235 habita,
532 1186 589 1238 quasi
598 1185 653 1224 nulla
666 1189 724 1223 esset.
738 1205 766 1211 -
780 1182 813 1221 ἕλ-

41 1246 129 1300 θοῦσης)
143 1247 270 1294 antitheton,
286 1245 395 1298 x0191'9·-
409 1241 504 1289 ἐντολῆς,
521 1238 636 1292 praecepto)
651 1233 736 1287 ittotai,
752 1247 813 1287 prae-

41 1309 119 1354 ceptam,
134 1314 180 1353 pars
195 1306 224 1340 est
237 1300 294 1351 legis,
309 1298 377 1337 addita
391 1297 514 1348 expressiore
525 1294 662 1334 connotatione
671 1291 749 1331 virtutis
759 1302 814 1329 coae-

41 1357 98 1404 rivae,
113 1368 163 1407 quae
173 1359 256 1401 coercet,
270 1352 360 1404 injungit⁷
375 1356 438 1403 urget,
454 1349 550 1402 prohihet,
566 1349 657 1387 minatur.
666 1368 694 1374 -
706 1342 813 1395 ἀνέζησεν)

41 1411 119 1457 revixit,
135 1410 184 1449 sicut
197 1410 284 1455 vixerat,
300 1414 360 1458 quum
373 1420 409 1458 per
420 1405 521 1444 Adamum
534 1405 627 1442 intrasset
640 1403 661 1441 in
674 1400 774 1440 mundum.

94 1478 113 1502 V·
122 1469 154 1507 10.
169 1459 290 1510 ingenoci,
309 1467 395 1500 mortuas
412 1460 463 1513 earn)
482 1459 544 1498 uitam
562 1458 616 1497 illam
632 1470 697 1496 meam
711 1453 772 1494 amisi.
787 1474 815 1480 —

41 1513 125 1572 εὑρέθη,
141 1524 237 1569 repertura
251 1515 287 1569 est)
302 1515 345 1564 Sic,
358 1511 447 1570 eripiente
461 1515 543 1565 reperio.
557 1526 577 1551 v.
586 1517 618 1555 21,
634 1535 661 1541 -
675 1513 705 1556 εἷς
719 1504 780 1558 ζωήν,
793 1508 815 1546 ia

40 1571 107 1624 ritem)
116 1572 191 1611 ratione
200 1570 311 1610 intentionis
321 1569 398 1609 divinae
409 1568 490 1620 primae,
506 1573 531 1616 et,
547 1568 609 1614 aliter,
623 1567 698 1606 ratione
707 1573 763 1603 meae
774 1562 814 1614 opi-

41 1625 111 1672 monis,
121 1640 188 1677 ‘quam
205 1625 252 1664 mihi
265 1624 363 1663 habebam
381 1624 447 1663 viceras
460 1624 502 1662 sine
516 1626 560 1674 ῖοηο.
592 1622 636 1660 Vita
650 1625 670 1660 et
683 1618 779 1658 laetitiam
794 1621 813 1655 et

42 1680 148 1729 agilitatem
161 1679 262 1731 indigitat:
277 1685 337 1718 morte
350 1678 461 1730 oppositum
475 1677 573 1716 innuente.
588 1696 616 1703 -
630 1670 694 1726 αὐτη)
709 1674 764 1724 ipsa,
781 1684 812 1710 ea-

42 1733 91 1772 dem.
120 1733 187 1786 Vulgo
197 1731 259 1783 αὕτη,
271 1733 307 1773 sed
317 1733 352 1773 cel.
362 1733 527 1784 Bcnnnpcrtenias
540 1727 602 1781 oderi,
613 1735 672 1770 recto.
701 1726 756 1766 Gonf.
766 1726 823 1765 Act.-

41 1791 60 1835 8,
71 1793 102 1830 26.
115 1794 154 1827 not.

94 1855 114 1879 v.
123 1847 154 1887 Μ,
169 1836 296 1891 ἐξηπάτησε,
312 1840 392 1892 decepit)
407 1840 427 1879 in
441 1840 486 1879 avia
501 1839 566 1887 duxit,
582 1839 633 1878 sicut
646 1839 697 1877 latro
711 1836 813 1876 uiatorem.

43 1895 68 1934 ad
81 1896 141 1935 vitam
154 1909 184 1934 me
198 1895 279 1934 tendere
292 1900 369 1946 putans,
384 1895 404 1933 in
418 1900 500 1933 mortem
514 1893 580 1933 incidi.
593 1916 622 1922 —
637 1890 769 1941 ἀπέκτεινεν,
784 1905 814 1931 oc·
834 1918 836 1920 -

42 1950 94 2003 cidit)
107 1950 147 1989 Hic
159 1950 252 1989 terminus
267 1949 390 1988 oeconomiae
403 1949 485 2000 peccati,
500 1949 520 1987 in
535 1948 616 1987 confinio
631 1946 714 1999 gratiae.

95 2017 113 2042 v.
121 2010 153 2047 12.
168 1999 236 2056 ἅγιος,
250 2003 327 2055 torreta)
342 2002 431 2050 Subaudi
446 2017 471 2042 ex
485 2015 540 2055 seqq.
556 2008 574 2041 et
581 2005 639 2053 jaste
653 2008 670 2041 et
684 2002 740 2040 bona.
755 1993 815 2052 quan¹¹

42 2070 100 2107 quam
114 2058 162 2096 haec
176 2070 285 2107 synonyma
298 2057 421 2108 potissimum
432 2058 458 2096 ad
467 2056 612 2096 defendendum
622 2062 755 2108 praeceptam,
771 2068 815 2094 eum

42 2123 77 2149 sua
86 2112 157 2150 virtute
169 2115 272 2162 pungente,
289 2124 338 2163 opus
347 2111 384 2150 fuit
394 2112 495 2150 cumulari.
510 2118 584 2160 soractae,
593 2115 655 2162 jacta,
670 2112 726 2159 bona,
740 2102 815 2148 ratione

42 2178 111 2204 causae
126 2164 323 2215 efficientis‚f01·rnae‚
338 2165 391 2215 finis3
407 2167 437 2220 (nt
449 2166 523 2206 habent
533 2167 630 2206 Dorechei
639 2167 703 2206 Notae
718 2163 762 2217 aare.)
776 2164 815 2212 vel⁷

41 2226 118 2268 sancta,
137 2225 227 2271 respectu
245 2220 353 2260 officiorum
372 2234 419 2273 erga
436 2221 510 2260 Deum:
528 2224 595 2272 jaste,
612 2225 705 2273 respectu
722 2219 815 2272 proximi:

42 2273 101 2322 toran,
113 2279 214 2336 respectu·
223 2278 305 2337 naturae
322 2288 388 2314 meae:
409 2276 440 2315 cui
458 2277 556 2324 convenit,
578 2275 672 2328 quicquid
690 2267 816 2326 praecipitum

42 2339 86 2366 nam
99 2333 141 2392 vita
154 2333 277 2381 promittitur.
292 2343 311 2368 v.
319 2336 351 2373 10.
379 2330 411 2369 Ex
429 2331 459 2371 his
474 2330 537 2370 tribus
552 2331 643 2382 epithetis
658 2328 816 2369 convenientissi-

9 2394 18 2407 Χ
42 2394 73 2421 me
86 2387 165 2423 tertium
178 2383 282 2423 assumitur
295 2397 355 2424 versu
369 2398 411 2437 seq.
595 2389 596 2392 ’
677 2383 682 2386 “

70 2486 75 2499 Ι
95 2450 115 2476 v.
123 2444 155 2481 15·
169 2433 281 2491 adimitur,
297 2441 350 2490 quod
362 2440 431 2479 donant
445 2445 472 2479 est
485 2461 519 2478 —.
548 2438 584 2478 Vis
597 2438 674 2478 articuli
682 2437 774 2478 notanda.
788 2460 816 2467 -

43 2492 148 2539 θανατος,
163 2492 224 2547 anor-s)
238 2496 310 2532 nachan
323 2494 440 2542 maximum,
456 2499 476 2532 et
488 2493 566 2542 mortis,
581 2493 632 2532 mali
641 2493 731 2543 maximi,
747 2506 816 2532 causa:

43 2546 207 2598 καῑέθνᾱζθμὲνη
219 2561 308 2599 operans.
322 2572 350 2578 -
363 2544 418 2591 citici
428 2548 441 2598 ἦ
451 2544 551 2602 νῖμᾰρνῖα,
568 2549 717 2603 aedpeceatarn)
732 2561 759 2588 sc.
770 2548 818 2587 mihi

38 2597 114 2657 factam
133 2607 160 2639 cst
178 2615 234 2640 inore.
257 2615 322 2655 neque
341 2603 391 2643 enim
409 2603 534 2656 participium
552 2603 719 2658 κατεργαζομένη
733 2595 817 2654 operatae

43 2662 84 2719 snrc
98 2655 158 2694 verbo
173 2656 295 2697 substantivo
309 2658 446 2710 praedicatum
460 2658 566 2697 constituit.
580 2681 609 2687 —
625 2661 659 2699 ἵνα
674 2659 730 2709 φακῆ
745 2651 816 2712 ἁμαρέ

43 2719 84 2755 τινι,
99 2714 234 2761 artappareret
244 2713 355 2768 peccatam)
368 2713 435 2753 Plooe.
451 2718 560 2764 peccatum,
574 2712 654 2753 ,minime
668 2703 743 2751 bonaria.
771 2711 817 2750 Hoc

45 2760 133 2803 cohaeret
145 2778 188 2803 cum
198 2767 286 2806 anteced.
300 2791 329 2797 -«
343 2763 380 2809 aad
394 2766 434 2810 zoi
448 2765 536 2822 α’γαθοῦ
546 2793 571 2800 -
583 2763 688 2814 θάνατον,
700 2767 818 2818 perbonam

43 2833 70 2841 ·-
78 2819 165 2882 azonam
178 2820 302 2861 Paradoxon.
319 2829 338 2863 et
351 2836 424 2875 magua
437 2823 458 2861 ri
470 2822 570 2875 epitheton
584 2823 652 2860 dancrat
661 2819 767 2861 adhibetur·
780 2835 817 2874 pro

44 2868 164 2913 substantivo
179 2877 242 2928 tepeat.
257 2877 434 2931 κατεργαζομένη,
455 2876 547 2930 operans)
562 2875 700 2927 Participium,
715 2870 818 2915 itaresol

44 2925 138 2972 verdum:
155 2936 257 2981 peccatum
270 2932 318 2971 nrihi
331 2945 384 2971 mors
395 2932 468 2971 factum
479 2937 514 2981 est,
530 2932 600 2983 qnippe
614 2931 667 2981 qaod
679 2930 726 2969 mihi
737 2930 771 2970 vel
781 2943 818 2983 per

44 2973 116 3038 bpnum
129 2985 315 3035 patravit-mortem.
343 2987 390 3027 Non
404 2991 434 3026 est
445 2987 565 3038 tautologia3
581 2984 685 3024 namillud
696 2998 735 3037 per
748 2986 819 3028 torcian

44 3041 83 3071 vnn
97 3039 225 3092 supperaddit
243 3042 341 3082 secundae
359 3042 411 3095 parti
429 3042 488 3095 hujus
506 3040 620 3081 sententiae.
634 3061 662 3068 —
676 3042 710 3081 ἵνα
725 3039 819 3093 γένηται,

44 3088 137 3145 diflert)
154 3093 198 3135 Hoc
213 3095 286 3148 pendet
301 3096 325 3138 ab
340 3111 431 3151 operans.
460 3096 493 3138 Sic
507 3099 541 3140 ἳνα
558 3102 580 3136 at
593 3094 668 3150 duplex
683 3095 819 3151 gradationem
