1922 3513
348 248 410 283 PHIL.
422 249 436 291 I,
450 252 515 287 9—16.
780 250 815 285 287

46 340 107 392 cipale
118 340 184 380 vitiam
195 346 227 389 ert,
240 341 267 380 V.
278 342 316 398 g.]3
330 342 427 383 Platonici
441 343 499 382 etiam
513 342 539 381 ad
556 341 657 389 αἴσθησιν
672 340 777 392 reliquam,
794 355 814 381 v.

46 409 75 446 gr.
93 396 146 447 apud
159 396 297 436 lamblichum.
327 398 350 438 In
366 398 513 438 Christianismo
529 394 621 435 habenda
639 394 741 446 utriusque
754 396 815 434 ratio:

45 455 128 502 utraque
139 451 223 501 obtingit
238 452 258 489 in
272 466 338 501 cruce,
353 459 372 493 et
386 458 443 504 aptos
457 451 523 490 reddit
536 445 590 502 πρδς
603 445 629 489 τδ
643 445 775 498 δοκιμοίζειν,
789 451 817 489 ael

43 506 172 556 probandam.
199 504 247 554 Hic,
265 512 310 558 post
323 520 406 547 amorem
419 519 513 559 expresse
524 503 654 552 nominatum,
666 504 727 555 fidem
745 502 816 542 deseri-

45 559 80 608 bit,
97 564 116 598 et
127 574 146 598 v.
157 573 198 611 seq.
207 574 264 611 spera
285 561 359 602 Paulus
366 562 440 614 ubique
453 559 621 600 Christianismum
630 563 652 597 ut
660 563 753 609 vegetum
762 557 817 610 quid-

46 613 91 653 dam
100 613 200 654 describit.
215 627 276 666 quare
287 616 509 668 doetrinallysticorum
520 614 545 654 de
559 613 672 653 Privatione
683 614 711 652 sie
726 618 756 653 est
767 614 816 652 aeci-

45 669 127 721 pienda,
141 674 164 708 ut
178 669 274 709 alacritati
287 671 316 710 illi
329 685 353 710 ne
368 671 416 724 quid
430 671 487 711 obsit
565 670 568 674 ’

99 737 119 761 v·
130 730 162 766 to.
177 720 305 778 δοκιμάζειν)
314 712 447 778 σομίονιινοίικ
456 724 552 777 amplecti.
562 723 619 762 Rom.
630 729 721 771 tm.—
730 716 759 763 τοί
769 723 818 763 δια·

46 777 148 833 φίρονια,
159 780 296 832 praestatuta)
313 794 353 820 non
366 781 424 820 modo
437 793 486 833 prae
495 780 551 819 malis
560 778 618 827 bona,
633 778 669 818 sed
682 778 702 817 in
716 777 772 818 bonis
783 791 817 829 op-

45 833 103 881 tima,
119 846 200 884 quorum
212 836 351 885 praestantiam
363 849 402 875 non
415 836 453 875 nisi
465 835 599 888 provectiores
614 838 701 872 cernunt.
731 832 782 871 Sane
796 832 817 870 in

45 887 104 926 rebus
114 889 199 927 externis
209 888 297 940 eligimus
308 895 407 930 accurate:
422 904 456 929 eur
470 890 533 928 minus
547 889 567 927 in
581 886 732 940 spiritualibus?
751 887 816 926 Theo-

45 941 98 992 logia
114 943 251 994 comparativa,
265 945 330 995 magni
339 950 374 983 est.
390 943 410 998 [a
425 959 464 996 qaa
478 944 586 997 lorrpr'ssr'me
600 942 674 991 absara,
689 943 731 995 qai,
747 956 816 993 quous-

45 1009 81 1047 qae
96 996 200 1036 libertatem
217 998 266 1037 eitra
279 1006 380 1050 peecatum
398 1001 499 1038 eaterrdere
519 1000 583 1046 liceat,
603 1012 696 1049 quaerere
714 1011 753 1036 aaa
767 997 815 1035 elesi-

45 1056 98 1089 aaat.
113 1050 138 1088 l.
151 1051 177 1106 ga]
192 1073 219 1079 -
233 1054 359 1104 εἰλικρινής,
372 1054 451 1107 sinceri)
466 1066 491 1091 cx
505 1052 615 1105 eoqrritr'oae.
629 1078 655 1085 -
672 1047 815 1106 οἷπρόσκοποι,

45 1104 142 1157 irtcrffeasl)
158 1118 250 1145 exsensa
264 1106 320 1145 omui.

99 1172 118 1197 V·
133 1165 165 1202 ll·
184 1159 340 1215 πεπληρωμένοι
354 1156 435 1213 καρπδν
451 1157 587 1207 δικαιοσύνης
603 1162 653 1207 κτλ.,
667 1160 736 1210 repleti
744 1160 816 1208 fracta

40 1213 128 1262 justitiae
137 1214 180 1268 ete.)
194 1214 269 1253 Eadem
279 1215 407 1261 constructio,
422 1214 464 1254 Col.
476 1219 493 1261 l,
503 1219 528 1261 9.,
540 1217 574 1253 ἵνα
585 1215 710 1265 πληρωθῆτε
720 1209 758 1262 τήν
769 1212 815 1251 ἐπί-

45 1282 135 1319 γνωσινι
149 1273 168 1306 et
173 1269 344 1318 fiactaojastr'tiae
355 1268 450 1319 singulari
459 1280 540 1305 numero
549 1266 588 1305 clici
596 1266 652 1313 solet,
665 1265 728 1304 Hebr.
738 1272 770 1313 12,
784 1270 816 1308 Μ.

45 1320 89 1359 Jae.
103 1327 121 1368 5,
135 1327 173 1370 l8.·‚
187 1335 274 1361 necnon
289 1322 345 1362 Rom.
357 1329 375 1370 6,
386 1329 428 1364 22.;
452 1321 535 1373 perinde
545 1326 567 1359 ut
581 1319 629 1358 alibi
642 1319 717 1358 Paulus
727 1322 817 1368 fractam

45 1376 137 1426 spatas,
156 1378 213 1426 lacis,
233 1378 326 1417 labiorum
340 1377 397 1416 dicit.
424 1375 550 1416 Cornmunior
566 1374 635 1423 lectio,
659 1373 818 1427 πεπληρωμένοι

45 1432 132 1482 καρπῶν
147 1435 189 1472 κτλ.
865 1477 866 1481 ,

100 1497 119 1522 ν»
127 1491 158 1527 ta.
169 1480 286 1538 γινώσκειν,
293 1485 357 1540 nosse)
365 1485 472 1525 Contrariis
480 1483 590 1523 rumoribus
597 1482 738 1536 praeoccupari
744 1482 818 1536 potuis-

46 1543 89 1577 sent
101 1540 202 1579 ccclesiae.
212 1563 240 1568 —
254 1542 340 1590 μᾶλλον,
351 1539 425 1592 parias)
440 1544 515 1579 tantum
525 1538 590 1585 abest,
604 1543 627 1577 ut
639 1537 719 1578 vincula
727 1551 771 1577 mea
784 1537 818 1577 ob·

45 1592 122 1632 fuerint.
130 1617 157 1623 -
164 1596 201 1644 εἰς,
210 1594 239 1647 ira>
252 1594 321 1634 Omnia
329 1596 413 1634 adversa
423 1595 492 1633 dextre
501 1594 572 1646 accipit
578 1592 666 1648 fides'v.
676 1598 706 1635 19.
716 1598 747 1636 28.
758 1599 776 1641 2,
785 1598 816 1636 27.

46 1671 72 1678 —
88 1642 196 1699 ἐλήλυθεν,
210 1650 310 1702 venerant)
323 1650 387 1690 facile.

101 1715 120 1740 V·
130 1710 161 1746 ta.
177 1700 227 1750 κοιίς
236 1701 330 1755 δεσμοιίς,
347 1703 432 1756 aiaeala)
447 1703 521 1742 Paulus
531 1716 574 1742 cum
583 1702 625 1741 aliis
635 1701 717 1752 captivis
726 1700 815 1750 traditus,

45 1769 82 1807 par
97 1756 124 1795 eis
137 1758 191 1797 visus
203 1763 254 1797 erat:
270 1758 340 1797 deinde
354 1759 447 1806 innotuit,
462 1757 520 1796 aliam
530 1769 572 1796 esse
581 1756 639 1795 Pauli
650 1769 738 1804 causam,
753 1761 772 1794 et
787 1756 815 1794 sie
874 1770 876 1773 ’

45 1811 128 1850 invaluit
138 1811 266 1863 evangelium.
279 1837 304 1844 -
320 1808 430 1864 φανερούς,
445 1812 556 1864 aranr'festa)
572 1810 612 1849 Col.
621 1813 639 1859 lt,
648 1813 667 1853 lt.
679 1832 711 1859 ἡ
719 1825 815 1862 πραιτω-

46 1865 95 1918 ρίῳ,
113 1866 221 1918 praetora'o)
237 1867 282 1905 aula
297 1866 392 1905 Caesaris.
411 1866 462 1905 conf.>
478 1869 521 1913 alt,
533 1873 564 1908 22.
578 1889 603 1895 -
626 1864 670 1915 καί)
685 1871 707 1912 et,
722 1863 774 1902 inde.
788 1884 816 1892 -

45 1921 88 1964 τοῖς
101 1921 193 1971 λοιποῖς,
208 1921 281 1974 celeris)
297 1922 387 1960 externis.
413 1920 487 1962 2Tim.
495 1923 514 1968 lt,
525 1925 556 1963 17.
581 1919 623 1968 Sic,
637 1919 704 1967 ceteri,
724 1918 815 1962 tThess.

46 1976 65 2022 li,
80 1979 112 2016 15·
728 2002 730 2006 ,

100 2041 119 2066 v.
128 2032 159 2072 ta.
174 2028 217 2068 τῶν
225 2025 327 2081 ἀδελφοῖν,
336 2028 435 2080 fratrem)
447 2027 481 2080 qui
489 2034 547 2067 antea
556 2027 665 2067 timuerant.
672 2052 700 2059 -
714 2026 735 2068 ἓν
744 2027 818 2082 κυρίῳ,

46 2083 66 2120 ia
75 2083 167 2133 Domino)
182 2082 257 2120 Constr.
273 2095 316 2120 cum
328 2084 453 2121 audeant-
471 2083 516 2128 τοῖς
528 2083 609 2131 δεσμοῖς
621 2098 656 2132 pe,
670 2082 751 2128 vinealia
762 2081 816 2133 racis)

46 2135 147 2174 Videbunt
153 2136 237 2174 Paulum
247 2136 267 2173 in
276 2135 395 2175 confessione
405 2141 425 2175 et
435 2141 556 2176 constantem
564 2141 583 2175 et
591 2137 673 2175 salvum.
684 2160 712 2165 -
721 2131 817 2189 οἷφδβως)

46 2190 119 2229 rremr'ae
134 2203 166 2228 eos
181 2196 267 2229 terrente.
297 2189 361 2242 Saepe
377 2197 469 2230 conantes
483 2191 540 2229 timor
553 2191 610 2241 fugit.

100 2243 120 2295 ί)
129 2258 147 2282 v.
159 2249 190 2286 15.
211 2242 265 2288 τινὲς
277 2242 323 2293 μὲν,
337 2244 393 2290 τινὲς
406 2246 433 2293 δὲ,
448 2245 510 2295 aliqui
523 2246 604 2296 qaidera,
619 2245 680 2296 aliqui
693 2244 746 2297 vero)
762 2243 818 2295 Sejn-

47 2297 106 2348 gatio.
117 2311 162 2337 nam
171 2302 306 2350 proponuntur
316 2297 355 2337 duo
364 2299 457 2348 membra,
470 2312 520 2350 quae
532 2299 602 2337 deinde
611 2299 691 2338 uberius
703 2303 817 2337 tractantur.

46 2376 73 2384 -
90 2349 115 2392 δι’
126 2348 231 2403 εὐδοκίαν)
243 2357 326 2402 propter
340 2357 456 2393 volantatem
466 2367 593 2405 propensam.
609 2350 693 2394 εὐδοκία
703 2355 763 2405 s'aepe
777 2352 817 2391 He-

46 2405 106 2446 braeo
121 2413 168 2461 twa
182 2406 294 2458 respondet.

100 2475 119 2500 v.
132 2466 163 2504 lb·
173 2461 206 2514 ll)
227 2462 247 2509 ἐξ
259 2461 364 2518 ἐριθείας,
379 2477 403 2502 ea
413 2462 537 2515 contentione)
553 2461 627 2502 Constr.
638 2475 681 2501 cum
689 2462 816 2501 aarraaeiant.

46 2542 73 2549 -
88 2512 126 2570 οὐχ
137 2512 217 2569 ἁγνῶς,
237 2532 276 2557 aoa
287 2518 347 2570 pare)
358 2531 397 2557 non
410 2532 460 2571 pura
471 2518 588 2563 intentione
606 2517 650 2565 rel,
668 2530 708 2555 non
723 2518 763 2557 sine
779 2516 817 2555 fer-

46 2576 110 2610 mento
118 2571 208 2611 Judaic'o.
223 2573 272 2617 conf.
283 2570 328 2610 Gal.
336 2579 355 2622 6,
367 2579 398 2616 12.
411 2587 426 2612 s.
446 2572 544 2612 Dicebant
554 2576 573 2610 et
580 2571 696 2620 referebant,
709 2572 757 2624 quid
765 2570 817 2610 Pau-

46 2625 78 2665 lus
91 2627 178 2666 doceret:
193 2627 231 2678 ipsi
243 2627 265 2666 id
274 2626 307 2665 vel
318 2641 357 2667 non
371 2628 487 2676 eredebant,
502 2627 536 2680 vel
552 2639 573 2667 sa
588 2626 609 2665 id
624 2626 703 2675 eredere
717 2640 756 2666 non
769 2625 817 2665 fate-

47 2679 123 2721 bantur.
142 2682 224 2730 Rumor‚
239 2682 300 2729 sama,
314 2683 440 2734 praeconium
451 2683 552 2735 generale,
566 2682 615 2721 utile
626 2688 655 2721 est
667 2682 693 2720 ad
703 2680 817 2721 excitandos

47 2737 128 2785 multos,
141 2750 205 2789 neque
216 2750 306 2789 magnam
316 2734 432 2787 inaratam
443 2737 601 2777 annunciantium
611 2736 703 2789 requirit,
719 2749 770 2787 quae
783 2750 817 2776 ne-

48 2791 133 2830 cessaria
145 2797 175 2831 est
186 2797 205 2830 et
213 2794 319 2843 puritatem
330 2792 398 2831 rietatis
410 2794 545 2843 doctrinaeque
555 2792 642 2844 postulat
655 2790 675 2828 in
686 2790 818 2842 applicatione

47 2846 147 2898 propiora
158 2860 176 2885 r.
187 2858 216 2898 gr.
228 2847 281 2899 apud
289 2844 377 2885 Galatas.
393 2847 441 2886 conf.
452 2846 496 2887 Gal.
507 2853 525 2895 l,
535 2852 552 2890 7·
562 2859 588 2885 ss.
596 2869 623 2875 -
631 2840 733 2896 οἰόμενοι,
744 2852 818 2898 pertan-

47 2900 82 2953 tes]
96 2901 201 2949 Pntabant,
213 2907 287 2953 gentes,
299 2905 403 2954 conspecto
411 2902 531 2942 incremento
544 2900 646 2952 evangelii,
663 2901 780 2940 concitatum
793 2899 818 2940 iri

76 3036 94 3080 a)
107 3034 139 3069 τίν
152 3032 209 3080 λόγον,
221 3033 297 3077 oerbara]
311 3034 357 3076 quod
370 3046 408 3078 ego,
421 3035 490 3080 inquit,
503 3035 590 3081 praediea.
619 3033 638 3066 V.
650 3044 667 3077 μ.
779 3019 789 3073 ί

66 3083 95 3129 ίί)
110 3083 192 3117 Coronati
202 3082 242 3115 haio
255 3087 283 3119 16.
296 3092 364 3116 aeream
376 3088 404 3121 17.
417 3085 507 3128 anteponit
518 3084 567 3117 Vers.
579 3092 639 3126 germ„
651 3079 748 3125 recrearem
758 3073 791 3138 iffi·
802 3088 818 3122 κ.

105 3132 170 3176 pratitae,
182 3142 235 3177 aaara
246 3130 279 3164 Ed.
291 3130 333 3174 maj.
346 3137 410 3166 secata.
435 3133 455 3167 E.
468 3133 494 3166 B..
748 3150 751 3154 ι
763 3138 790 3182 χ
805 3144 807 3146 ’
