1922 3513
141 222 165 257 le
436 213 492 249 ΗΘΜ.
503 212 521 257 1,
534 216 617 253 27—32.

196 324 216 351 v.
231 317 263 355 27.
277 306 428 361 ἐξεκαύθησαν,
443 308 566 361 enni-serant)
578 300 675 362 Ιπαμάσει
689 306 825 347 abominanda.
834 332 859 339 «-
870 307 909 361 την

142 364 303 420 ἀσχημοσύνην,
317 364 460 418 turpitudinem)
480 364 510 404 oui
523 364 567 416 ipsa
584 362 669 415 eorporis
684 367 703 402 et
716 362 847 402 membrorum
866 377 908 405 eon-

142 421 232 461 formatio
245 422 344 460 reolamat.
358 442 386 449 -
399 416 425 470 ἣν
439 417 491 468 ἔδει)
506 432 564 471 qnam
578 418 670 470 oportuit,
683 417 768 456 naturali
782 418 868 469 sequela.
881 440 909 449 -—

143 475 182 526 τῆς
194 473 287 527 πλάνης,
300 474 380 528 emeris)
400 487 438 525 quo
452 473 567 513 aberrarunt
581 486 592 513 a
605 472 654 511 Deo.
668 496 696 510 -,-
714 467 909 528 ἀπολαμβάνοντες)

143 530 234 571 Verbum
244 531 358 583 oppositum,
373 528 397 568 de
406 528 513 568 Gentibus:
527 532 550 568 ut
560 523 675 577 άποὸάσει,
685 530 776 579 respectu
783 525 908 568 Judaeorum.

145 599 161 624 e.
177 592 196 635 2,
210 591 229 629 5.
256 585 281 624 In
294 591 376 637 utroque
389 583 451 624 verbo
465 578 509 624 άπό
523 582 605 623 eandem
617 581 658 620 vim
671 581 738 622 habet.

199 653 219 679 v.
232 645 264 684 28,
278 637 339 692 ἔχειν,
353 639 432 691 hebere)
446 637 567 689 Autitheton,
582 634 708 688 παρέδωκεν,
722 636 806 676 tradidit.
821 632 875 689 ἔχειν
888 636 910 678 ἐν

145 691 268 748 ἕπιμνοίσει,
287 695 356 734 iubere
373 694 393 733 in
411 694 516 747 aperitione,
534 692 579 746 plus
597 695 661 740 notat,
681 705 739 744 quarn
757 685 910 744 ἐπιγινώσκειν,

145 763 254 802 agnoscere.
275 748 319 788 Non
332 749 390 801 plane
407 748 474 788 deerat
484 749 567 801 aperitio:
581 746 645 787 sedin
656 758 678 786 eo
690 746 768 787 nonita
781 743 911 798 profeoerunt,
923 747 925 751 '

145 809 167 843 ut
180 803 245 843 Deum
258 804 358 843 habereut.
378 817 396 842 v.
412 809 444 847 52.
458 826 486 832 —-
499 799 612 854 α’ὃάκιμον)
627 800 655 841 Ui
669 798 784 850 α’δάναιος,
798 796 876 847 άπιςος
892 807 912 841 et

145 858 221 908 similia,
236 863 256 898 et
269 859 332 898 aotive
348 863 367 897 et
380 859 457 910 passive
472 857 544 907 valent,
558 857 586 897 sio
597 869 675 909 quoque
687 854 794 907 άδόκιμος.
814 854 859 894 Ηοο
869 855 912 895 loeo

146 914 210 953 notive
223 918 372 961 notatur-mens,
387 926 437 965 quae
448 914 521 965 prohat
529 912 607 952 minime
616 911 727 963 probanda,
742 910 774 950 oui
786 909 849 950 relicti
862 916 911 960 suni,

146 969 180 1021 qui
190 969 274 1007 maxime
284 968 387 1020 probanda
396 982 435 1007 non
440 969 556 1020 probarunt.
576 966 621 1006 Hoc
633 962 735 1019 οἷόάκιμον
742 969 837 1005 παναίολον
847 978 866 1005 v.
873 972 912 1015 52„

146 1021 293 1064 σανευὸοκὲσι·
308 1022 375 1064 ποιεῖν
388 1019 417 1064 κά
430 1019 459 1074 pii
473 1018 604 1073 καθήκοντα,
618 1026 713 1061 tractatur
727 1035 745 1060 v.
754 1026 841 1064 29-51.
850 1045 875 1054 -
884 1019 913 1062 τά

144 1073 175 1129 pii
189 1073 325 1128 καθήκοντα)
339 1076 445 1125 Maionia,
511 1113 513 1115 .
588 1094 590 1097 ·
814 1085 826 1112 ’.

178 1162 180 1165 ,
199 1145 219 1170 v.
233 1137 265 1174 29.
279 1130 448 1185 πεπληρωμένος)
464 1131 543 1172 Grande
554 1130 642 1171 verbum.
656 1127 727 1184 μεςιίς,
741 1144 794 1170 mox.
805 1154 826 1160 -
835 1127 913 1183 οἷὸικίμ,

145 1186 248 1239 ι’νηοείίίία)
262 1186 311 1235 Hoe,
321 1187 408 1236 justitiae
422 1187 537 1240 oppositum,
551 1186 614 1239 primo
623 1186 668 1226 loeo
681 1186 769 1238 ponitur:
782 1184 913 1235 ianneisericer-

146 1242 186 1289 din,
199 1240 273 1280 ultimo.
300 1240 380 1280 alienia
393 1241 454 1281 habet
466 1243 536 1282 αι’ίαισ.Ι
554 1242 648 1291 injustitia
666 1247 749 1280 naortean.
768 1253 787 1279 v.
801 1246 834 1282 52.
862 1238 915 1279 Tota

147 1295 272 1335 Enumeratio
287 1295 374 1335 ordinem
384 1295 445 1336 habet
458 1297 571 1349 sapientem,
584 1309 621 1348 per
634 1294 721 1334 membra
734 1307 810 1342 novem,
824 1294 844 1333 in
859 1293 913 1334 affec·

141 1350 208 1390 tibus:
222 1350 271 1398 duo,
284 1349 305 1388 iu
319 1362 416 1389 sermone:
430 1351 477 1399 tria,
492 1356 583 1403 respeetu
597 1350 645 1398 Dei,
660 1355 679 1389 et
694 1349 734 1398 sui,
753 1354 772 1389 et
787 1349 880 1402 proximi,
896 1354 915 1388 et

148 1404 197 1453 duo,
214 1405 234 1443 in
248 1404 307 1443 rebus
321 1405 424 1456 gerendis:
442 1418 489 1454 sex,
503 1409 594 1457 respectu
606 1403 776 1450 necessitudinum.
805 1402 876 1442 Confer
890 1403 915 1443 de

148 1459 257 1507 contrariis,
269 1472 285 1497 ο.
294 1464 325 1507 12,
335 1465 354 1501 9,
362 1472 417 1511 seqq.
431 1482 459 1488 —-
472 1461 568 1515 πορνείᾳ)
579 1458 711 1499 Retinendum
720 1471 763 1498 esse
777 1459 814 1498 hoo
827 1458 915 1507 verbum,

145 1514 188 1567 jam
201 1514 235 1553 diu
244 1512 325 1565 agnovi:
334 1513 355 1566 i)
370 1513 466 1554 Clementi
472 1513 561 1554 Romano
571 1513 625 1553 haud
635 1513 708 1553 lentum
719 1526 761 1553 esse
774 1526 814 1552 non
827 1518 915 1565 apparet.

140 1591 176 1598 =—
189 1569 279 1623 πονηρίᾳ
289 1588 317 1595 -
327 1567 399 1621 κακίᾳ)
415 1569 512 1622 Πονημία
526 1574 556 1609 est
565 1568 656 1620 nequitie,
671 1568 718 1620 ejus,
734 1568 768 1620 qui
781 1567 843 1616 alieri,
858 1567 916 1607 etiam

105 1656 106 1659 ,
148 1623 190 1663 sine
204 1634 239 1661 suo
254 1621 360 1671 eomrnotlo,
374 1636 445 1662 nocere
454 1622 533 1675 gaudet.
548 1624 611 1665 κακία
623 1628 652 1663 est
662 1623 733 1672 vitiano,
749 1635 787 1675 quo
801 1621 916 1662 alteralteri

147 1677 176 1716 nil
189 1676 236 1716 boni
254 1676 340 1715 conferre
358 1682 428 1729 potest.
451 1677 555 1726 πλεονεξία
574 1678 772 1718 ελοοολκλ.εινανι’ίν”αιιι
789 1676 877 1729 proprie,
894 1682 916 1716 ut

148 1743 208 1783 saepe
222 1730 372 1782 apudPaulum.
388 1732 436 1771 alias
445 1731 507 1770 rarius
515 1733 552 1771 hoe
565 1738 668 1785 peceatum
682 1732 706 1772 ab
721 1745 744 1771 eo
758 1732 915 1784 redargueretur.

149 1786 203 1826 Solet
217 1790 282 1824 nutem
293 1786 377 1837 jungere
392 1800 435 1826 eum
449 1785 567 1837 impuritate.
580 1801 626 1826 nam
636 1787 693 1826 homo
704 1791 760 1827 extra
766 1786 831 1825 Deum
840 1786 917 1838 quaerit

148 1839 243 1894 pabulum
253 1840 274 1878 iu
284 1846 373 1881 ereatura
382 1840 483 1889 materiali,
497 1841 530 1880 vel
542 1854 579 1893 per
588 1842 710 1894 voluptatem
717 1842 751 1881 vel
763 1855 800 1907 per
809 1840 916 1881 avaritiam,

148 1896 222 1935 bonum
236 1894 321 1934 alienum
335 1895 361 1934 ad
374 1908 396 1935 se
409 1895 487 1946 redigit.
505 1917 533 1924 -
550 1896 691 1949 κακοηθείας)
705 1900 835 1946 κακοηθεια,
854 1894 917 1937 κακία

149 1948 284 2003 κεκρυμμένη.
318 1950 438 1990 Ammonius.
458 1950 522 1991 aliena
540 1951 604 1990 onuiia
622 1951 674 1990 male
693 1951 798 2003 arripiens:
821 1964 843 1991 se
861 1950 918 1990 alteri

126 2001 129 2011 “’
149 2004 251 2043 molestam
266 2003 366 2044 exhibens.
487 2011 490 2014 ⁴

203 2071 223 2096 v.
238 2062 270 2100 50.
286 2056 416 2114 ψιθνμιςσίς,
423 2060 545 2112 susurrones)
558 2058 613 2099 olam.
623 2084 650 2090 -
660 2056 786 2108 καταλάλας,
794 2060 917 2111 detractores)

150 2117 224 2165 aperte.
242 2134 270 2140 -
290 2114 411 2164 θεοςνμεῖς)
431 2113 465 2164 qui
482 2115 555 2153 odiosos
573 2127 595 2153 se
613 2114 705 2154 exhibent
723 2120 790 2154 eontra
807 2116 877 2155 Denin.
891 2136 917 2143 —

149 2161 252 2222 ὑβριςάς)
268 2165 301 2217 qui
314 2166 378 2205 onmia
391 2167 444 2206 bona
458 2172 478 2206 et
496 2168 589 2207 salutaria
604 2170 760 2208 contumeliosae
776 2183 797 2209 se
813 2169 918 2222 repellunt.

149 2215 333 2273 -iinepnrpoineoJ
349 2222 383 2274 qui
397 2234 418 2261 se
431 2220 513 2262 efferunt
525 2235 585 2274 supra
598 2223 652 2262 αίίοε.
672 2223 704 2261 De
718 2223 755 2262 hoe
768 2224 821 2272 vitio,
836 2228 856 2263 et
869 2224 918 2272 aliis,

150 2288 201 2328 quae
214 2276 249 2313 hie
261 2279 358 2325 notantur,
372 2276 412 2316 vid.
427 2276 498 2318 2Tim.
515 2282 534 2326 5,
546 2283 565 2319 2.
573 2289 614 2329 seq.
629 2299 655 2304 -
669 2271 784 2329 ἀλαζόνας)
799 2285 918 2332 arrogantes,

151 2330 176 2371 arl
190 2342 222 2370 res
235 2342 317 2381 magnes
333 2335 353 2370 et
366 2332 431 2380 horino.
441 2354 468 2362 -
476 2330 589 2385 εἠοευμετάς
603 2332 684 2383 κακῶν)
698 2332 805 2372 inventores
818 2335 919 2382 inelornin,

149 2398 244 2426 novarum
257 2384 385 2437 voluptatum,
399 2384 494 2435 uovorum
505 2391 626 2438 quaestuum,
639 2399 735 2426 novarum
748 2387 819 2427 artium
831 2388 920 2436 nocendi,

150 2454 170 2480 v.
185 2453 214 2492 gr.
234 2440 255 2478 in
268 2438 326 2479 bello.
346 2441 429 2483 2Maoe.
445 2445 463 2489 7,
477 2446 510 2483 51.
539 2440 649 2481 Antiochus
667 2440 737 2480 dieitur
754 2436 827 2492 πάσης
845 2442 921 2488 κακίας

151 2488 236 2550 εὑρετής
250 2489 358 2546 γενόμενος
372 2496 400 2541 εἰς
414 2490 452 2541 τάς
466 2494 557 2549 έβμαίος,

204 2561 224 2586 ν.
233 2552 266 2590 50-
281 2552 314 2590 51.
329 2549 426 2600 yoniam
440 2545 543 2598 άπειθεῖς,
558 2546 666 2599 inaniter,
681 2546 806 2600 άσννθέτας,
821 2545 920 2604 οἲςάμγος,

152 2597 266 2648 dundanae,
280 2596 426 2651 ἀνελεήμονας,
436 2603 551 2653 perentibus
564 2603 697 2653 inobedientes,
712 2605 831 2657 insipientes,
846 2608 920 2655 resino-

151 2658 222 2705 tnnios,
241 2656 282 2694 sine
295 2657 404 2706 affictione,
418 2657 594 2708 irreconciliabiles,
609 2658 774 2713 immisericordes)
791 2660 836 2699 Duo
851 2659 920 2699 ternio-

151 2725 196 2760 nes,
210 2710 263 2763 prior
277 2710 331 2763 apud
344 2710 455 2761 inferiores3
471 2711 520 2751 alter
534 2713 588 2764 apud
601 2713 718 2766 superiores.
838 2739 841 2742 -

205 2780 225 2804 v.
239 2770 271 2807 51.
286 2763 414 2817 άσονθέιος)
428 2764 497 2806 Verbo
512 2763 639 2809 σῖσννθειεΐν
649 2768 712 2807 LXX
720 2767 834 2808 Hebraeum
848 2777 893 2811 *nm
902 2773 921 2807 et

147 2817 193 2863 bnt:
208 2819 324 2871 exprimunt.

206 2888 226 2913 v.
240 2879 272 2917 52.
287 2873 399 2924 δικαίωμα,
408 2873 451 2927 jns)
466 2874 543 2927 Regale
557 2875 651 2926 divinum,
664 2877 780 2929 quodDeus
788 2877 870 2917 virtutes
878 2888 921 2928 pro-

152 2928 198 2978 bat,
211 2927 260 2968 vitia
274 2927 326 2976 odit,
340 2927 439 2981 improbos
451 2935 513 2969 morte
527 2929 595 2980 afficit,
606 2932 652 2984 jure
665 2932 782 2985 meritoque,
796 2936 819 2971 ut
832 2929 922 2971 ostendat

180 3061 198 3106 t)
211 3065 249 3094 nnn
261 3071 321 3104 ποιμα
333 3060 366 3095 Ed.
378 3063 419 3105 maj.
436 3062 464 3108 (A.
478 3063 538 3108 1734.)
554 3063 667 3100 oneittenolnne
682 3063 772 3100 censuerit.
797 3062 884 3097 Gnomoni
896 3073 922 3097 re·

213 3108 285 3154 spondet
297 3108 324 3144 etl.
338 3115 354 3146 2.
367 3116 383 3144 ee
395 3111 445 3146 Vers.
457 3122 512 3157 germ.
536 3111 557 3147 E.
569 3112 589 3148 B.
