1922 3513
121 227 158 263 isc
373 230 383 263 ο
397 222 448 259 coa.
460 223 486 267 n,
499 228 527 263 ιι.
542 222 573 267 m,
586 226 640 261 1-5.

120 302 309 369 successurorum
323 341 350 348 —-
364 318 468 374 loquimar)
487 317 704 372 supremarum
726 315 808 367 Semper
819 313 890 367 cogita-

120 387 170 421 mus,
180 373 251 424 Deum,
261 388 287 415 ex
296 388 334 427 quo
343 375 450 427 loquimur,
463 379 586 426 praesentem
599 386 642 413 esse
654 370 789 425 loquentibus:
802 370 891 411 homines
959 383 961 402 ι

120 441 160 467 non
168 441 264 469 curamus.
273 454 298 460 -
313 430 342 478 ἕν,
355 430 384 483 in)
400 430 478 477 Sermo,
491 441 549 480 quern
560 427 667 468 iaOhristc
676 426 782 473 habemus,
797 424 890 464 divinitus
946 473 948 475 ‚

121 482 207 577 datnIrJet
216 485 296 536 regitur.
306 506 334 513 —-
344 486 452 536 λαλοῦμεν,
466 483 571 536 λομαὶοιανθ
583 482 680 534 Linguam
689 480 814 522 adhibemus:
827 479 891 518 virtus

122 542 152 577 est
188 551 211 578 er.

381 646 554 698 CAPUT
588 647 633 696 Ill.

176 756 194 781 v.
207 747 225 785 t.
238 735 373 795 Ἀρχόμεθα,
391 741 502 795 incipimus)
516 741 585 782 Justus
597 739 687 788 aculeus,
701 739 721 779 in
732 740 777 781 illos
791 742 891 793 quosdam,

122 797 273 850 quicocpcront.
287 818 315 824 -
337 790 416 843 adico,
440 796 518 850 acerum)
536 801 558 836 ut
573 796 655 835 antehac
675 794 749 835 factum
767 795 788 834 in
808 795 892 848 epistola

120 852 190 904 priore.
209 850 247 897 sic,
261 850 334 896 iterum,
349 862 365 888 c.
377 854 394 896 5,
404 856 435 891 12.
450 871 478 878 -
496 846 631 900 συνιςιὶνειν,
650 849 792 902 construendum)
807 850 891 889 humano

121 917 173 944 more
180 914 190 943 :¹
200 917 215 941 c.
226 908 257 952 12,
267 908 298 946 19.
307 904 473 943 commemorando
484 917 515 944 res
527 904 574 944 alibi
583 909 656 956 gestas.
666 927 693 933 —
707 906 726 944 el
732 901 770 956 μή)
785 906 827 944 aiei.
841 905 890 943 Par-

120 957 181 998 ticula
189 963 272 997 morata:
286 971 332 996 num
343 958 371 996 ita
381 957 457 997 demum
464 972 522 1011 pares
532 972 598 998 sumus
613 958 652 1011 ipsi
666 958 692 996 ad
705 971 742 998 nos
757 958 891 998 commendan-

121 1012 166 1061 dos,
184 1012 202 1059 a·
214 1026 253 1052 νιονι
267 1012 325 1052 etiam
339 1012 426 1065 epistolis
441 1012 548 1066 egeamus?
575 1012 627 1061 Alii,
641 1010 661 1063 ii.
675 1033 703 1040 -
720 1013 785 1062 τινὲς,
803 1012 891 1066 qnidam)

120 1070 228 1107 ascitorum,
254 1080 270 1105 c.
283 1074 301 1115 2,
317 1072 348 1110 tt.
375 1067 420 1107 Hac
434 1082 511 1121 quoque
525 1069 546 1108 in
564 1081 586 1108 re
605 1067 709 1107 abhorrere
729 1080 750 1106 se
770 1068 892 1118 significatu

121 1121 284 1176 pseudapostolis.
303 1121 333 1161 illi
346 1123 430 1173 epatius.
444 1145 472 1151 —-
493 1124 514 1173 ἐξ
527 1120 640 1175 dpoivsca
653 1122 715 1176 cotis)
730 1122 756 1161 ad
770 1122 824 1164 alios.
852 1123 892 1162 Hie
956 1127 961 1181 j

122 1190 169 1231 ergo
183 1190 224 1216 mos
240 1181 281 1216 erat
296 1175 390 1216 Corinthi.
957 1208 961 1225 i,

175 1246 194 1271 v.
206 1238 224 1275 2.
244 1231 264 1272 ἐν
279 1231 324 1277 ταῖς
336 1231 433 1286 καρδίαις
447 1228 513 1283 ἡμῶν,
527 1233 548 1271 ia
562 1232 649 1271 cordibus
663 1231 743 1286 icastris)
757 1231 830 1272 Vestra
843 1232 892 1272 fides
958 1227 961 1260 ἕ

122 1286 195 1339 scrIpta
204 1290 233 1325 est
243 1286 264 1324 in
275 1286 332 1324 corde
344 1291 420 1326 nostro:
441 1287 461 1325 in
475 1300 513 1338 quo
526 1299 569 1325 eam
581 1291 600 1324 et
613 1298 649 1324 vos
664 1285 717 1337 ipsos
734 1286 891 1334 circumferimus,

122 1341 195 1392 ubique
206 1339 360 1391 cognoscendam
373 1345 392 1378 et
402 1341 511 1392 legendam.
531 1341 563 1379 Ex
575 1339 632 1378 corde
648 1339 791 1380 Corinthiorum
804 1341 891 1379 reflecte·
959 1352 961 1360 ²

121 1395 181 1434 batur
196 1395 222 1434 ad
235 1407 268 1433 cor
282 1394 415 1445 apostolicum.
432 1420 459 1427 -
480 1389 578 1442 advena,
597 1394 692 1447 ornatibus)
711 1395 793 1435 avobis
809 1400 828 1434 et
842 1395 891 1435 aliis.
959 1392 961 1415 ³

122 1448 266 1500 Argumentum
276 1462 312 1500 pro
323 1449 407 1488 veritate
417 1448 541 1500 evangelica,
556 1447 635 1487 obvium
646 1448 734 1488 omnibus
741 1460 753 1497 ‚⁵
761 1462 786 1489 ex
797 1449 845 1502 ipsis
859 1450 891 1488 de-

122 1503 237 1544 sumendum
251 1502 381 1550 credentibus.
396 1502 419 1557 [c.
428 1506 447 1552 li,
461 1510 480 1546 2·
495 1508 507 1545 l
521 1502 564 1541 Cor.
576 1505 607 1550 lli,
618 1501 657 1556 25]

176 1572 195 1597 v.
208 1564 226 1600 5.
242 1552 402 1611 φανερούμενοι,
415 1555 543 1610 naarrifcstotr)
560 1555 635 1596 Constr.
644 1569 688 1596 cum
696 1553 753 1618 ὑμεῖς
763 1570 802 1596 ros.
823 1555 892 1596 Aetio·

122 1612 181 1666 logia,
197 1625 231 1650 cur
240 1612 281 1662 legi
291 1612 352 1662 possit
362 1612 410 1651 haec
421 1612 509 1664 epistola.
524 1634 551 1639 —-
564 1610 640 1663 χριςοῡ
653 1633 681 1639 -
694 1606 729 1662 ὑφ’
740 1610 806 1662 ημῶν,
820 1610 892 1651 Oti-isa·

122 1688 149 1695 -
158 1680 171 1706 ιι
182 1665 245 1719 nobis)
258 1666 353 1704 Declarat
366 1661 390 1706 td
403 1673 479 1715 racetra,
493 1680 512 1705 v.
523 1672 540 1708 2.
562 1665 655 1714 Christus,
667 1670 734 1705 auctor
749 1665 849 1715 epistolae.
863 1687 891 1694 -

123 1719 281 1771 διακονηθεῖσα)
296 1719 386 1759 Verbum
400 1718 500 1760 διακονίαι
511 1731 570 1770 saepe
583 1720 715 1758 accusativum
727 1719 756 1758 rei
764 1719 829 1758 habet.
845 1734 861 1759 c.
871 1726 890 1770 8,

123 1780 155 1818 49.
165 1779 197 1817 20.
213 1780 224 1817 2
238 1773 288 1812 Tim.
297 1779 315 1822 1,
329 1779 361 1817 18.
378 1773 452 1816 tPetr.
462 1779 480 1822 t,
490 1779 522 1816 tn.
536 1775 555 1821 li,
564 1779 596 1816 lt).
611 1772 644 1812 Sic
651 1774 758 1813 Pacarius:
773 1770 811 1823 τήν
820 1769 891 1827 μα’χην

123 1823 292 1880 διακονούμενος,
304 1842 394 1881 pstquam
406 1829 550 1867 adrainistrons.
564 1828 577 1866 l.
590 1833 608 1871 7.
623 1829 718 1880 metaphr.
731 1828 786 1866 Eutr.
800 1828 892 1880 Apostoli

123 1879 221 1933 διηκόνει
240 1888 333 1934 torquant
349 1883 433 1922 atainistri
453 1883 546 1921 dederunt
561 1882 668 1932 epistolam.
695 1882 783 1922 Christus
804 1896 840 1935 per
858 1896 891 1923 eos

122 1937 191 1984 lucem,
205 1936 300 1987 spiritum,
313 1938 333 1976 in
339 1936 417 1977 tabulas
428 1936 492 1976 cordis
499 1935 643 1976 Corinthiorum
652 1937 723 1986 intulit,
737 1942 760 1976 ut
767 1937 832 1977 scriba
841 1942 891 1977 atra-

122 1996 209 2031 mentum
220 1991 241 2028 in
255 1996 327 2031 cartam
337 1991 383 2030 fert
406 1990 440 2030 Ad
458 1990 582 2044 scribendam
598 1991 701 2043 epistolam
712 1991 817 2043 requiritur
832 2005 891 2033 mem-

122 2046 185 2086 brana
193 2045 226 2084 vel
240 2050 302 2094 carta,
322 2051 342 2085 et
355 2047 445 2094 calamus,
459 2060 499 2085 non
513 2046 570 2085 modo
584 2052 718 2086 atrarncntunc.
744 2046 802 2097 Quod
816 2047 891 2088 Paulus

123 2104 252 2141 atramentum
260 2101 302 2139 sine
311 2101 384 2140 calamo
392 2106 411 2139 et
422 2106 475 2139 carta
484 2105 583 2148 memorat,
599 2106 628 2140 est
638 2101 773 2153 synecdoche:
788 2098 814 2142 cd
827 2102 891 2152 priua

123 2168 162 2194 non
170 2154 257 2207 praecise
270 2159 398 2194 atramentum
408 2159 473 2202 notat,
486 2154 522 2193 sed
535 2167 670 2207 quamcunque
682 2155 815 2207 nigredinem,
829 2169 849 2194 v.
861 2169 891 2207 gr.

124 2210 182 2249 etiam
197 2208 306 2257 carbonum,
321 2209 392 2261 quibus
405 2208 468 2259 lapidi
477 2208 551 2259 aliquid
562 2209 642 2248 inscribi
654 2215 725 2261 potest.
749 2210 818 2249 Totius
832 2211 891 2263 scrip-

122 2264 187 2312 tionis,
202 2276 252 2314 quae
262 2268 369 2303 atramento
378 2267 398 2302 et
407 2263 521 2310 calamati,
536 2263 604 2301 eadem
617 2268 646 2302 est
659 2265 721 2312 ratio,
737 2277 787 2315 quae
803 2264 893 2317 decalogi

121 2319 142 2359 in
151 2317 223 2358 tabulis
236 2318 321 2371 lapideis
332 2316 413 2357 exarati.
438 2316 510 2368 Lapidi
517 2316 626 2368 insculptae
638 2318 779 2366 erantliterae‚
792 2323 815 2357 ut
827 2324 892 2358 cartae

121 2372 234 2413 inscribitur
248 2378 290 2412 atra
303 2374 366 2412 litera.
396 2370 460 2410 Corda
473 2371 579 2410 innuuntur
593 2370 744 2413 Corinthiorum:
758 2385 804 2411 nem
818 2371 892 2413 Paulus

122 2433 164 2467 erat
176 2427 232 2479 quasi
247 2429 310 2467 stilus.
326 2450 350 2457 ·-
370 2422 396 2467 ον’
408 2425 495 2475 μέλανι,
508 2439 548 2465 acon
561 2425 678 2480 atramento)
698 2426 832 2479 Synecdoche.
847 2441 893 2467 nam

122 2482 201 2522 tabulae
210 2482 263 2533 apud
273 2483 348 2530 Mosen,
361 2480 454 2520 divinitus
464 2481 575 2532 inscriptae,
590 2481 631 2520 sine
644 2486 759 2531 atramento,
774 2487 826 2522 certe
837 2487 892 2522 erant

122 2535 238 2576 materiales.
252 2560 279 2568 —
294 2536 376 2583 ζῶντος,
387 2534 476 2587 viventis)
487 2534 541 2574 0011f.
551 2549 571 2579 ν..
580 2541 598 2577 6-
608 2540 626 2579 7-
647 2557 669 2563 -
683 2536 786 2585 λιθίναις,
800 2537 890 2590 lapideis)
912 2582 915 2591 ,

121 2605 141 2631 v.
151 2596 169 2635 7.
185 2612 212 2618 -
226 2591 286 2637 πλαξὶ
302 2588 389 2642 καρδίας
402 2589 523 2642 σαρκίναις,
542 2590 611 2627 tudiciis
625 2590 688 2628 cordis
702 2590 788 2643 carneis)
802 2590 892 2631 Tabulae

90 2679 91 2682 ,
122 2645 193 2695 cordis,
207 2656 280 2697 genus:
298 2642 379 2682 tabulae
391 2654 483 2689 carneae,
498 2643 578 2694 species.
596 2656 642 2682 nam
652 2657 691 2683 non
704 2657 760 2683 omne
771 2658 805 2684 cor
814 2650 843 2684 est
851 2659 892 2685 car-

121 2714 186 2740 neum.

175 2769 195 2793 v.
205 2757 224 2798 li.
243 2751 385 2801 πεποίθησιν,
400 2749 504 2803 fiduciam)
519 2762 558 2801 qua
571 2749 621 2789 tales
634 2765 671 2791 nos
691 2764 734 2790 esse
755 2753 858 2794 statuimus
873 2759 892 2794 et

121 2808 239 2863 profitemur.
260 2806 382 2854 Antitheton,
396 2818 509 2856 εομοοοοοιο,
528 2807 642 2853 c.li,1.-
657 2802 694 2847 ὃιοῖ
707 2807 746 2847 τοῦ
759 2808 843 2861 χριςοῠ,
853 2823 892 2861 per

123 2862 229 2917 Cbristnm)
242 2875 281 2901 non
294 2875 330 2914 per
343 2874 379 2900 nos
393 2860 452 2913 ipses.
474 2858 518 2897 Hoc
531 2863 625 2899 tractatur
638 2874 658 2900 v.
671 2863 702 2905 td.
716 2861 748 2900 fin.
764 2868 783 2903 et
797 2877 852 2917 seqq.
864 2886 893 2893 -

121 2915 175 2974 προς
188 2914 225 2959 τον
237 2914 301 2967 θεόν,
316 2918 345 2956 act
356 2913 430 2968 Donni)
444 2913 489 2952 Hoc
502 2917 631 2954 tractatura.
642 2921 660 2959 6.
676 2929 732 2969 seqq,
915 2957 919 2961 ,

176 2986 195 3012 ν.
205 2977 224 3017 5.
233 2971 254 3025 ἢ
266 2971 410 3028 λογίσασθαι,
424 2966 516 3022 cogitare)
531 2968 635 3020 cogitando
647 2971 744 3024 consequi,
758 2970 830 3012 nedum
839 2972 896 3025 loqui

124 3058 411 3070 ----——-—-—

146 3103 312 3151 *flcpiuncmruJ
330 3103 422 3149 Haoipsa
435 3102 532 3139 etiamnum
544 3101 593 3139 hora.
621 3102 670 3150 aa.
722 3112 723 3115 ¹
