1922 3513
111 209 146 242 111
391 211 401 243 2
414 204 465 239 eoa.
477 204 521 247 1111,
534 208 597 243 7-9·

111 304 133 340 nt
145 312 295 340 commemorare
308 305 384 354 posset,
405 313 485 339 necesse
500 298 570 339 habuit
580 297 710 339 revelationes
725 308 879 336 commemorare.

111 376 139 383 —-
153 349 240 408 ἅγγελος
254 358 333 404 careia,
353 357 432 407 alapatus
447 354 517 419 Satara)
536 354 610 393 Paulus
624 353 711 406 dapcllca
724 357 816 403 expertus
829 363 881 389 nune

112 410 202 460 aapelam
217 410 340 463 persentiscit
351 411 474 450 contrarium.
489 425 512 451 ao
529 406 597 450 carcia
609 422 649 448 non
660 407 735 447 nisibis
745 412 799 445 terve
808 404 881 444 habent

111 463 181 512 LXX,
191 464 251 517 idque
260 471 282 504 ut
292 461 388 506 ci'atczou·
404 465 439 505 sed
450 464 550 503 XXXIV
562 464 609 503 loeis
617 464 637 502 iu
646 456 704 502 NJT.
716 467 735 502 et
743 462 763 500 in
774 461 803 499 his
812 460 881 498 novies

114 532 126 557 a
138 518 203 558 Paulo
217 518 312 565 σατανᾶς
321 520 439 569 declinatum
455 520 530 570 hocque
542 532 580 557 uno
594 518 636 557 loeo
650 518 729 570 ponitur
742 522 763 556 ut
777 514 882 565 indeclina-

113 572 160 622 bile,
176 574 231 625 quasi
245 586 281 625 per
291 586 392 625 apocopen
404 573 549 621 consideratam,
564 578 616 611 certe
624 586 663 611 non
674 573 715 611 siue
727 584 790 611 causa.
811 569 881 621 Itaque

115 629 195 680 arapelas
206 629 269 668 Salac
284 627 376 666 hocloco
390 640 427 665 non
441 627 519 666 videtur
534 639 576 665 esse
592 627 699 678 appositio,
715 626 771 678 quasi
785 624 883 664 diceretur

115 684 194 734 oapclus
209 681 305 729 Satanas,
319 694 355 732 pro
368 681 454 720 diabolo.
468 695 514 720 nam
527 680 616 719 diabolus
630 694 725 732 nusquam
740 680 810 718 dieitur
824 690 883 730 ange-

114 736 156 784 lus,
167 735 206 790 ,sed
220 736 279 773 habet
294 735 374 786 angelos
389 748 435 774 suos
446 736 494 787 ipse.
520 735 574 786 Ergo
588 735 651 773 Satara
664 740 697 773 ant
713 738 742 773 est
755 746 825 772 nomen
839 745 883 784 pro-

114 790 178 842 prium
186 790 206 827 in
217 788 312 840 genitivo,
326 794 360 827 aut
370 789 488 840 adjectivum
497 789 518 827 11
530 789 660 836 nominativo,
672 794 695 827 ut
709 793 788 827 notetur
801 786 834 825 vel
848 800 883 826 aa·

113 846 167 895 pelas
188 857 201 882 a
219 844 295 882 Salona
313 843 419 890 1111111111,-
437 843 470 881 vel
488 845 568 894 capellas
584 843 729 892 lrffestissanas,
751 842 832 893 augelus
846 841 884 893 ipsi

116 898 200 937 Satanae
209 898 250 935 sive
260 896 338 935 diabolo
349 897 423 945 similis,
437 897 592 948 praescindendo
604 911 616 936 a
625 897 709 936 Satanae
718 897 814 936 missione.
837 896 883 934 Am-

115 951 204 1003 plribolia
222 951 300 989 videtur
318 951 409 1000 innuere,
430 952 469 1003 ipsi
488 951 577 1002 apostolo
597 952 645 1003 (quo
663 952 726 1003 magis
740 949 883 1002 humiliaretur)

115 1004 240 1044 nesciendum
251 1004 316 1052 fuisse7
331 1018 382 1055 quae
394 1010 444 1044 esset
453 1006 510 1056 hujus
523 1006 588 1057 angeli
598 1006 653 1044 ratio.
675 1006 707 1044 Ex
721 1005 763 1048 alto
773 1005 841 1043 habuit
855 1017 884 1043 re-

115 1059 242 1098 velationem:
257 1072 282 1096 ex
296 1059 399 1110 profundo,
415 1060 567 1110 castigationem.
588 1059 627 1098 lob
643 1064 661 1098 et
675 1059 750 1099 Paulus
763 1073 799 1112 per
808 1059 885 1098 hostem

115 1113 249 1153 vexabantur:
264 1113 366 1152 Herodem
374 1115 455 1165 arigelus
465 1114 543 1153 Domini
557 1115 659 1165 percussit.
673 1138 700 1143 —-
715 1118 749 1154 ἵνα
758 1129 797 1163 με,
812 1119 833 1152 at
846 1113 884 1166 aare)

116 1168 191 1208 Paulus
207 1181 246 1206 non
260 1174 289 1206 est
302 1169 383 1219 angelus
396 1170 439 1221 ipse
456 1168 512 1222 (conf.
523 1168 678 1208 1111111111111.1ι
689 1168 713 1221 c.)
729 1167 769 1217 sed,
786 1168 839 1220 quod
853 1180 885 1206 an-

117 1223 174 1275 gelus
187 1222 272 1261 Paulum
287 1223 374 1274 colaphis
387 1224 473 1262 vexavit.
492 1227 537 1271 ἵνα,
556 1230 577 1261 at
591 1224 683 1262 concinne
701 1224 771 1262 iterum
787 1223 808 1261 in
821 1221 885 1260 medio

118 1277 217 1317 commatis
226 1277 315 1328 ponitur,
333 1282 355 1316 ut
367 1278 475 1317 antitheton
485 1277 516 1316 bis
529 1278 635 1328 praecedat
648 1277 775 1328 particulam,
797 1276 828 1315 bis
844 1289 887 1314 eam

119 1332 256 1383 subsequatur.
285 1330 414 1384 Opportuntur
433 1332 484 1370 eninr
502 1333 613 1371 accedentia
626 1333 760 1371 revelationem
774 1336 793 1369 et
807 1332 887 1382 artpclas

118 1386 182 1426 Satara
187 1401 194 1433 ,·
208 1386 293 1436 itemque
308 1388 373 1426 catelli
383 1391 402 1425 et
413 1386 498 1436 colaphis
510 1386 569 1425 caedi.
584 1412 609 1418 -
625 1385 734 1441 κολαφίζῃ,
745 1386 831 1436 colaphis
845 1398 887 1424 cae-

119 1440 162 1493 dat)
175 1440 266 1491 0111111
283 1436 393 1493 (μεγάλαις
403 1436 477 1491 danic·
496 1439 533 1478 hoe
545 1440 595 1478 enim
605 1439 657 1490 apud
666 1439 791 1478 Eustathium
803 1438 887 1477 habetur

120 1500 200 1544 etymon
205 1494 218 1546 :)
229 1494 361 1533 caedebantur
368 1495 423 1533 serui.
437 1494 509 1536 1Petr.
520 1501 537 1541 2,
544 1499 576 1536 20.
585 1507 648 1544 neque
657 1494 722 1532 obstat
731 1495 840 1545 quicquam,
849 1507 887 1545 quo

119 1549 183 1587 minus
190 1549 268 1600 proprie
275 1548 307 1586 hic
315 1548 422 1599 accipiatur
428 1547 515 1586 verbum.
525 1549 564 1586 vid.
573 1547 618 1587 Job.
627 1555 645 1595 2,
652 1554 670 1590 [5.
679 1561 694 1586 s.
709 1547 759 1586 Nam
767 1549 784 1586 si
793 1548 818 1586 ab
827 1548 887 1586 homi-

120 1602 178 1641 nibus
186 1603 278 1653 colaphos
287 1602 364 1653 aliaque
372 1602 494 1641 incommoda
502 1608 618 1654 acceperunt
628 1608 647 1641 et
657 1603 739 1654 apostoli
749 1608 767 1641 et
776 1602 888 1654 ipseDomi-

120 1670 162 1704 nus,
171 1670 187 1695 c.
195 1662 226 1705 lt,
234 1660 266 1698 21.
274 1670 289 1695 1.
298 1662 309 1699 t
317 1655 360 1694 Gor.
367 1661 385 1704 lt,
391 1662 422 1700 M.
432 1657 502 1695 hlattlr.
511 1663 542 1704 26,
550 1662 582 1699 67.
592 1656 635 1695 coll.
646 1670 661 1694 c.
670 1659 688 1703 [1,
698 1662 716 1699 5,
727 1671 761 1695 cur
768 1670 807 1696 non
814 1656 888 1695 Paulus

121 1725 133 1750 a
141 1710 214 1749 Sataua
223 1711 289 1761 ejusve
298 1710 373 1761 angelo,
383 1710 416 1749 vel
423 1711 495 1749 visibili
504 1711 536 1749 vel
545 1711 638 1749 invisibili
646 1710 721 1749 modo?
736 1711 793 1751 Talia
801 1711 888 1750 Antonio

98 1810 102 1813 ,
121 1778 199 1817 qnoque
207 1765 300 1816 obtigere,
308 1771 330 1803 nt
336 1766 356 1803 in
362 1764 403 1803 vita
412 1765 452 1815 ejus
459 1771 553 1804 memorat
560 1765 685 1804 Athanasius.
696 1765 763 1804 Omnis
770 1766 847 1816 generis
856 1766 889 1804 ad-

120 1833 178 1859 versa
187 1820 284 1858 obvenere
292 1819 386 1871 apostolo,
395 1833 414 1857 v.
423 1824 461 1867 10,
469 1833 518 1870 quae
525 1833 565 1858 non
573 1819 726 1871 deprecabatur:
737 1819 809 1858 sedhic
815 1820 889 1872 praeei-
914 1848 915 1851 =

120 1888 181 1926 puum
190 1874 283 1924 quiddam
294 1875 391 1921 nominat,
403 1873 455 1924 quod
464 1874 604 1922 imirrnitatilas
613 1886 657 1912 eum
667 1874 780 1914 macerabat
792 1879 811 1913 et
823 1874 889 1913 dolore

121 1929 265 1979 ignominiaque
277 1928 391 1967 occurrebat
403 1928 489 1976 elationi,
508 1928 571 1979 magis
582 1928 650 1976 etiam,
664 1934 697 1967 aut
709 1933 761 1967 certe
771 1942 810 1967 non
819 1929 889 1977 minus,

122 1996 181 2034 quam
188 1982 240 2020 furor
248 1982 334 2020 libidinis
342 1983 361 2020 in
373 1983 464 2021 membris
474 1983 569 2022 excitatus
579 1983 626 2036 (quo
634 1987 699 2021 tamen
707 1996 766 2033 quam
775 1983 889 2021 mirabiliter

122 2036 231 2075 excruciari
238 2036 311 2087 possint
319 2037 426 2086 quamlibet
435 2042 514 2076 sanctae
524 2037 604 2084 animae,
615 2037 669 2088 apud
677 2037 803 2089 Ephraimum
811 2036 889 2088 Syrum,

121 2091 199 2130 Estium
212 2091 283 2129 11111.
298 2090 343 2129 doh.
357 2103 369 2128 a
380 2089 451 2138 Cruce,
471 2096 490 2129 et
502 2091 525 2130 P.
539 2091 567 2129 M.
579 2090 703 2130 Petruecium
715 2092 782 2142 legere
798 2092 835 2143 est)
856 2099 890 2130 aut

122 2145 246 2197 cephalalgia
255 2145 429 2183 vehementissima.
444 2145 519 2183 Horum
531 2145 656 2197 colaphorum
667 2147 723 2197 quasi
733 2152 831 2186 recentem
838 2145 890 2184 Pau-

121 2200 153 2239 lus
166 2212 260 2251 pavorem
274 2200 294 2237 in
307 2204 404 2237 momenta
417 2198 509 2237 habuisse
523 2199 610 2247 videtur,
631 2213 690 2251 quum
707 2205 761 2239 tauta
775 2200 889 2254 frequentia,

123 2259 216 2306 quantam
224 2253 319 2292 naturalis
332 2254 394 2291 lector
402 2252 495 2299 fastidiat,
510 2266 530 2291 se
542 2253 593 2291 iuter
605 2253 728 2304 gloriandum
737 2256 830 2306 reprimit.
852 2254 890 2293 No-

121 2314 151 2348 tat
160 2308 319 2359 Ghrysostomus,
334 2306 446 2362 κολαφίζῃ,
461 2308 546 2358 colaphis
558 2309 637 2355 caedat,
655 2321 693 2346 uon
708 2309 820 2364 aolapc’cp,
841 2311 870 2348 111
883 2333 890 2339 -

119 2365 164 2416 plis
177 2365 269 2411 caederet,
284 2362 368 2401 Paulum
378 2361 453 2409 dicere,
466 2366 489 2400 ut
504 2362 528 2400 de
542 2375 563 2399 re
577 2363 681 2413 praesenti.
711 2363 767 2401 Visus
782 2369 801 2402 et
814 2364 891 2403 auditus

121 2418 180 2457 Pauli
194 2418 220 2456 ad
233 2418 341 2456 lautissima
356 2415 451 2455 admissus
466 2420 520 2454 erat:
539 2423 599 2455 tactas
614 2416 716 2455 durissime
729 2422 844 2456 maceratus.

176 2486 195 2510 v.
205 2477 224 2515 8.
239 2467 297 2519 taire,
307 2470 349 2522 loc)
359 2471 544 2509 Demonstrativum.
559 2469 637 2510 Oblitus
648 2477 689 2509 erat
697 2471 791 2511 elationis.
802 2497 829 2505 -
837 2470 891 2526 τρὶς)

122 2533 160 2575 ter,
181 2530 203 2565 ut
216 2526 258 2576 ipse
274 2525 370 2564 Dominus
382 2524 402 2562 in
417 2530 481 2563 monte
495 2525 567 2563 oliveti.
592 2525 665 2564 Paulus
680 2526 803 2577 rogationes,
824 2526 891 2565 nescio

123 2581 194 2633 quibus
204 2592 229 2618 eu
237 2579 351 2625 intervallis,
366 2584 405 2616 tres
416 2579 502 2629 peregit:
519 2579 589 2617 deiude
598 2580 664 2630 palum
675 2581 771 2627 toleravit,
782 2593 826 2619 cum
835 2580 891 2629 vidit,

121 2636 223 2676 ferendum
232 2646 312 2673 essene
320 2638 361 2671 tum
369 2632 453 2684 quidem,
462 2646 505 2671 curn
512 2633 561 2671 haec
568 2633 650 2685 scripsit,
658 2633 736 2672 videtur
744 2634 789 2685 palo
800 2634 891 2684 caruisse,

122 2696 142 2730 et
152 2689 244 2743 quamdiu
254 2701 275 2727 se
284 2687 352 2726 efferre
359 2691 455 2739 potuerat.
466 2686 536 2735 confer,
547 2700 597 2738 quae
605 2693 717 2739 sequuntur.
727 2712 755 2717 -
764 2686 800 2729 τόν
810 2683 892 2743 κύριον,

122 2744 237 2796 Dominam)
247 2742 349 2783 Claastam.
364 2755 383 2781 v.
395 2750 436 2792 seq.
448 2741 491 2780 Nou
502 2745 531 2780 est
541 2743 641 2792 rogandus
653 2741 741 2791 Satanas,
756 2747 778 2781 ut
789 2749 864 2795 parcat.

176 2814 196 2838 v.
205 2805 224 2842 9.
242 2798 311 2852 εἴρηκέ
323 2811 371 2849 μοι,
386 2797 436 2834 alca
451 2795 505 2847 1171)
520 2796 598 2835 tertium
611 2796 693 2848 roganti.
707 2820 734 2835 ÷-
756 2793 817 2852 ripaei
830 2792 891 2847 11ιῆ

122 2848 185 2909 χάρις
200 2868 235 2904 pa,
249 2853 320 2904 sufficit
334 2851 367 2891 tibi
378 2850 508 2902 pacatianae)
527 2849 671 2903 Benignissime
685 2851 770 2904 repulsa,
784 2851 890 2891 indicative

122 2908 180 2948 modo
195 2920 295 2960 expressa.
316 2906 413 2946 Domirms
425 2904 488 2943 Paulo
501 2905 550 2944 haee
563 2906 625 2945 verba
639 2907 695 2959 quasi
708 2908 729 2946 iu
742 2920 763 2946 cs
778 2905 855 2955 inserit,
870 2910 892 2944 ut

123 2963 244 3015 subsequens
257 2975 280 3000 ea
293 2962 354 3000 dicat:
370 2959 445 2999 Sufficit
458 2959 510 3008 mihi,
525 2959 612 3010 Domine,
629 2964 692 3013 gratia
705 2967 745 3002 tua.
766 2959 835 3000 Gratia
849 2973 892 3000 esse

122 3023 192 3071 potest,
202 3018 260 3056 etiam
270 3016 303 3055 nbi
317 3016 413 3055 maximus
426 3014 498 3054 doloris
509 3027 577 3054 sensus
592 3020 626 3056 est.
641 3043 669 3050 —
688 3013 700 3067 ἡ
712 3014 752 3070 ydp
769 3012 857 3066 sescupla
870 3014 892 3056 ἐν

123 3068 224 3127 ἀσθενείᾳ
239 3073 349 3122 clarescat,
367 3071 429 3113 virtus
443 3069 492 3111 11111
506 3070 526 3111 ia
540 3071 648 3125 capaliana
663 3071 771 3127 perficitur)
799 3068 839 3110 Pro
855 3066 892 3111 δυ’·
