1922 3513
448 216 502 251 aru.
514 216 532 260 1,
544 221 608 254 1-1.

290 316 307 351 7.
321 311 401 346 ebrietas.
418 323 436 346 1.
449 317 535 350 15—20.
552 311 677 347 commendatis
689 310 754 354 ubique
799 316 801 318 ’

319 361 417 403 virtutibus,
430 361 493 405 quibus
505 362 549 395 vitia
561 362 593 397 illa
600 364 713 407 opponuntur,
726 358 755 393 ad-

318 409 380 451 juncta
392 410 515 444 submissione.
563 440 568 449 ,
661 435 663 439 .
878 408 907 441 21.

261 455 278 500 2)
291 461 311 491 ut
323 459 399 492 officium
411 459 477 492 faciant
561 450 565 460 ’

287 512 289 517 ’
316 511 332 543 1.
345 507 427 540 muheres
440 511 458 540 et
469 508 509 540 riri.
781 507 810 540 22·
823 511 837 533 Β·
851 505 879 537 25«
892 509 907 532 S·

316 560 332 591 2.
345 555 397 588 liberi
410 559 427 588 et
439 558 503 599 patres.
789 550 820 584 VI.
834 554 850 586 i·
863 559 877 582 s.
890 552 907 585 1.

315 608 332 639 5.
345 604 391 636 serni
404 603 476 635 etheri.
833 603 850 636 5.
863 607 877 630 s.
891 601 907 633 9.

234 653 250 684 5.
263 647 327 692 finalis,
340 650 363 683 ad
374 650 456 683 militiam
469 650 593 694 spiritualem„
783 652 811 684 to.
824 657 838 680 s*
852 650 907 689 111.

159 694 189 728 IV.
202 693 301 728 Conclusio.
782 701 811 733 21.
823 705 838 727 s.
851 698 880 731 25.
893 703 907 726 n.

191 751 266 802 Magna
276 752 334 803 hujus
345 753 439 805 epistolae
453 759 473 793 et
485 754 578 806 epistolae
588 752 614 791 ad
621 752 746 791 Colossenses
758 757 787 791 est
797 750 908 799 similitudo,

139 805 197 863 modo
210 811 288 845 notata:
303 820 368 858 quare,
377 807 461 847 tabellas
476 808 543 847 ambas
558 807 658 846 commode
671 807 721 845 inter
735 820 756 846 se
771 806 880 846 contuleris.
887 815 893 839 ’-

136 898 164 905 —-
178 877 200 918 ἐν
214 873 281 934 adop,
296 879 356 934 omni)
373 880 474 920 Describit
487 880 561 920 Paulus
578 880 636 932 hujus
650 879 782 918 benedictionis
798 879 871 918 fontem
889 881 908 916 et

136 932 274 984 archetypum,
289 935 345 986 elegit
357 958 385 965 —
399 936 558 986 praedestinans,
578 949 598 973 v.
613 937 634 977 d.
648 947 663 973 s.
677 934 771 983 indolem,
788 935 854 986 pratia
868 946 908 971 aar·

132 989 206 1038 plexae
220 993 252 1035 est,
267 1001 286 1026 v.
301 994 320 1031 (i.
335 995 407 1041 partes,
422 991 550 1029 remissionem
564 996 597 1028 etc.
612 1002 631 1027 v.
648 994 665 1031 7-
679 1001 695 1027 s.
710 1013 736 1019 ——
754 985 841 1042 εῠλογίᾳ,
856 988 908 1026 benc·

136 1042 226 1095 dictione)
244 1042 313 1093 Ipsum
326 1044 446 1084 vocabulum
465 1049 555 1084 connotat
568 1043 713 1083 abundantiam.
726 1066 754 1072 —-
770 1041 909 1095 πνευματικῇ,

137 1096 245 1149 spirituali)
259 1096 311 1136 Novi
326 1098 447 1138 Testamenti
460 1100 546 1152 propria.
560 1121 588 1127 -
605 1095 626 1138 ir
639 1098 683 1143 τοῖς
697 1097 824 1151 inopertam,
837 1096 859 1134 in
869 1108 909 1133 coe-

137 1150 222 1204 lestibus)
240 1150 359 1192 Declaratur
374 1150 400 1194 ed
413 1155 518 1205 spirituaii.
546 1152 609 1205 Saepe
628 1152 649 1191 in
662 1152 701 1191 hac
719 1151 803 1203 epistola
815 1154 909 1189 memorat

135 1201 165 1244 eoi
179 1199 292 1259 ineptae,
307 1209 398 1247 coelestia.
413 1221 432 1246 v.
442 1213 474 1251 20.
490 1223 506 1248 c.
521 1215 538 1256 2,
552 1214 571 1250 6.
586 1214 604 1256 5,
620 1212 651 1249 10.
666 1212 685 1254 6,
700 1212 731 1249 12.
747 1205 809 1245 Sedes
823 1204 909 1256 gloriosa

137 1259 233 1297 coelitum.
242 1282 268 1290 —-
284 1260 306 1300 ἐν
315 1263 389 1315 pergei,
402 1262 424 1301 iu
438 1263 522 1316 Obristo)
536 1263 582 1301 Huc
595 1261 630 1300 ref.
645 1275 664 1300 v.
678 1274 718 1313 seq.
733 1261 817 1299 sicat—
826 1260 848 1298 iu
861 1260 909 1310 ipso.

137 1312 184 1352 Jarn
197 1313 229 1352 liic
242 1315 306 1366 tangit
321 1317 395 1367 aliquid
410 1316 434 1355 de
448 1317 510 1356 tribus
524 1317 612 1368 personis
624 1316 715 1363 Deitatis,
726 1315 809 1353 salutem
822 1320 910 1352 nostram

139 1368 260 1407 curantibus.
288 1370 356 1410 Patris
380 1376 425 1410 suut
438 1368 466 1411 eci
482 1367 600 1425 iuepdriu,
614 1370 710 1408 coelestia:
734 1368 830 1408 Cbristum
846 1368 911 1419 ipsum

138 1423 235 1461 nominat:
263 1423 349 1474 Spiritus
367 1432 445 1464 sarrctus
467 1424 558 1477 producit
579 1425 696 1476 spiritualia.
725 1421 795 1462 Omnia
817 1423 909 1473 deinceps

139 1481 212 1516 tractat
224 1477 305 1517 Paulus.
334 1478 450 1533 [Universae
463 1481 527 1531 atique
541 1479 614 1518 Christi
628 1492 704 1526 carras,
722 1478 767 1517 inde
780 1492 793 1516 a
807 1478 909 1515 nativitate

138 1544 199 1582 arque
213 1533 242 1570 ad
255 1532 406 1582 adscensionem,
420 1535 439 1572 b.
455 1537 467 1573 i.
481 1540 525 1573 autc
539 1536 601 1573 cados
615 1534 705 1584 Apostoio
719 1538 806 1571 uersatus
818 1537 850 1570 ert.
871 1530 902 1569 Na

138 1586 236 1624 tivitatem
254 1593 327 1637 spectat
346 1589 381 1627 boe
399 1602 465 1627 uersa.-
490 1589 556 1627 deinde
578 1587 753 1635 circumcisionem,
778 1586 839 1638 quare
857 1600 875 1625 a.
890 1590 909 1628 5.

139 1641 216 1679 dearum
233 1654 302 1679 norrea
315 1641 375 1690 iesu,
396 1643 416 1681 ia
435 1644 575 1682 circumcisione
593 1643 636 1694 Ipsi
648 1642 765 1693 impositum,
784 1641 909 1692 exprimitur:

139 1707 157 1732 a.
173 1700 191 1737 6.
208 1694 318 1747 baptismus
332 1697 380 1735 Filii
393 1697 460 1736 dilecti
473 1697 597 1748 indipitatur:
611 1710 666 1747 quem
679 1710 697 1734 o.
713 1702 730 1738 7.
746 1696 818 1746 excipit
831 1698 911 1733 eruenta

139 1748 207 1841 mortpp
220 1750 328 1858 perpessio.
356 1751 468 1802 Separantur
482 1752 562 1803 denique
575 1751 690 1790 resurrectio
705 1755 724 1789 et
738 1751 830 1798 ascensiO,
844 1763 862 1788 a.
878 1753 910 1791 20.

140 1809 173 1842 etc.
209 1833 214 1841 .
229 1817 248 1855 g.

195 1882 214 1907 v.
224 1872 243 1912 lr-
258 1864 331 1916 nadair
345 1868 445 1918 ἐξελέξατο
459 1866 522 1920 ἡμᾶς,
537 1871 586 1909 sicat
599 1871 653 1922 clepit
665 1869 709 1923 nos)
724 1869 820 1908 Eleetioni
833 1881 910 1919 respon·

142 1924 182 1971 det,
201 1928 221 1963 et
236 1936 278 1962 earn
292 1924 428 1975 subsequitur,
446 1925 559 1973 benedictio,
579 1929 598 1963 et
611 1923 709 1976 patefacit.
725 1949 751 1956 -
765 1923 787 1962 ἐν
802 1919 872 1974 edrai,
890 1922 911 1960 ia

141 1977 193 2030 ipso)
208 1991 223 2017 c.
238 1983 256 2025 5,
272 1984 303 2020 11.
317 1978 374 2017 Haec
387 1986 546 2031 praesupponunt
562 1980 696 2018 aeternitatem
709 1978 755 2017 Filii
768 1977 812 2015 Dei.
826 1989 911 2027 namque

141 2030 210 2079 Filius,
225 2037 270 2070 ante
283 2033 376 2071 mmrdum
390 2034 468 2082 fectum,
483 2040 525 2072 erat
533 2034 631 2084 objectum
644 2033 713 2072 amoris
722 2032 799 2084 paterni
812 2043 851 2069 non
861 2030 911 2069 futu-

142 2099 186 2124 rum
194 2086 332 2135 tautummodo,
342 2087 377 2126 scd
384 2088 475 2139 jamtum
483 2101 582 2139 praesens.
597 2087 643 2127 doh.
653 2094 677 2130 17
680 2118 685 2137 ,
694 2090 726 2131 211.
735 2094 753 2131 5.
769 2087 817 2126 alias
827 2098 867 2123 nou
876 2097 912 2136 per

142 2153 170 2188 se,
185 2140 280 2179 seditem
294 2153 329 2192 per
343 2141 402 2179 alium
409 2141 464 2181 Patri
478 2144 560 2182 dilectus
574 2142 648 2181 fuisset.
659 2166 684 2172 -
696 2138 745 2194 apd,
758 2141 811 2194 carate)
825 2139 871 2178 Joh.
880 2145 912 2187 17,

143 2198 176 2238 211.
190 2216 218 2222 —
233 2192 293 2243 rivae,
308 2195 356 2249 esse)
370 2195 383 2232 1.
394 2209 410 2233 e.
425 2196 450 2235 cb
463 2195 523 2245 eirea,
537 2203 699 2236 intersertae-
714 2192 780 2249 tipice,
794 2194 865 2248 sancti)
879 2207 913 2246 po-

143 2250 207 2289 sitive.
221 2274 248 2282 -
262 2246 356 2301 oipaipee,
370 2250 460 2305 immacul
474 2251 496 2303 tr)
509 2251 550 2289 sine
564 2252 616 2289 malo
631 2257 650 2290 et
664 2252 717 2290 vitio.
733 2249 757 2304 [c.
771 2255 789 2298 5,
805 2248 844 2303 27]

197 2329 216 2353 v.
225 2318 244 2358 lt·
253 2318 271 2356 5.
287 2315 308 2354 ἐν
318 2311 392 2371 α’γοῖπῃ
404 2314 519 2368 προορίσας
533 2312 593 2364 ἡμᾶς,
607 2316 628 2354 ia
639 2330 704 2355 arnore
710 2316 860 2366 praedestinans
869 2312 913 2366 noe)

142 2370 202 2409 Multi
221 2374 335 2408 construunt
353 2383 396 2407 cum
413 2369 575 2420 praecedentibus
589 2370 664 2419 verbis,
684 2371 747 2409 sancti
763 2376 781 2408 ct
797 2367 914 2408 inmaeulati

143 2438 209 2464 coram
223 2438 244 2463 co
258 2424 279 2461 iu
293 2437 363 2463 aurore.
378 2423 467 2475 Utroque
478 2424 540 2472 modo,
555 2424 584 2462 uti
597 2425 630 2463 vel
644 2425 721 2464 divinus
735 2425 767 2463 vel
780 2429 846 2463 noster
861 2435 913 2461 amor

144 2479 256 2526 denotetur,
270 2478 291 2515 in
303 2478 341 2516 hac
355 2478 439 2529 epistola
452 2484 523 2529 regnat
536 2474 561 2519 zo*
575 2492 627 2527 arria,
642 2494 706 2528 orror,
722 2484 807 2518 arbatus:
827 2477 863 2518 sed
875 2476 914 2528 ipsi

143 2533 239 2585 principio
255 2532 349 2582 epistolae
367 2533 465 2583 congruit,
484 2539 507 2571 ut
520 2546 575 2571 antor
595 2539 716 2573 construatur
733 2547 773 2572 nou
792 2547 835 2585 cum
852 2532 916 2570 saneti

144 2595 162 2627 et
178 2587 302 2634 iarruacabati,
325 2586 377 2638 quod
395 2588 442 2626 item
459 2586 500 2625 sine
522 2600 616 2638 expressa
633 2590 705 2627 amoris
721 2587 818 2626 mentione
836 2586 926 2638 ponitur·

144 2657 161 2682 c.
176 2647 199 2690 ὅ,
215 2648 257 2690 27.,
278 2640 315 2680 sed
335 2641 532 2692 cumssubsequente
554 2641 683 2694 descriptione
703 2641 844 2694 1110111101εῇ)
870 2640 913 2679 coll.

144 2712 160 2736 c.
169 2704 187 2746 2,
195 2700 214 2740 lr-
222 2703 241 2740 5.
257 2701 268 2738 1
278 2695 323 2735 Joh.
333 2703 351 2744 5,
360 2701 388 2737 t.:
402 2700 463 2746 utque
471 2708 523 2734 amor
530 2696 568 2734 Dei
581 2697 635 2748 prius
644 2697 758 2746 celebretur,
773 2710 832 2748 quam
842 2701 914 2735 noster.

144 2752 190 2791 Hoc
204 2756 263 2803 pacto
277 2751 298 2790 ia
312 2764 377 2790 arnore
391 2763 466 2789 summa
481 2763 548 2789 eorum
562 2752 607 2799 erit,
623 2765 673 2804 quae
687 2757 800 2804 sequuntur.
814 2766 834 2790 v.
849 2756 867 2794 5.
882 2750 914 2788 fin.

145 2806 179 2846 Sic
192 2820 247 2846 artior
261 2806 347 2857 ponitur,
361 2804 416 2843 initio
430 2805 536 2853 tmematis,
552 2812 635 2854 e.5,18.
659 2807 685 2846 Et
698 2802 822 2852 vicissimwzd
832 2806 915 2857 praede·

145 2863 221 2901 stinaas
234 2861 296 2900 multo
310 2861 404 2913 majorem
420 2860 520 2911 emphasin
533 2860 598 2909 habet,
612 2862 629 2900 si
643 2862 667 2903 ab
681 2862 735 2902 initio
747 2858 915 2901 1111111111-

163 2997 181 3042 if)
194 2995 250 3039 Atque
263 2994 309 3029 bunc
321 2994 390 3039 quidem
408 2992 524 3027 distinctionis
540 3005 603 3029 ererum
618 2998 729 3041 praetulerat
746 3010 806 3042 niarpo
819 2998 850 3032 Ed.
864 2999 915 3041 maj.:

194 3044 267 3076 ulterram
278 3044 337 3086 ilium,
350 3043 448 3086 proverbe
461 3042 480 3077 ἐν
494 3040 556 3089 sirini]
569 3044 593 3077 ad
606 3046 725 3081 arrtecedentia
737 3048 843 3091 referantur,
855 3059 916 3090 praepo

194 3092 226 3125 Ed.
240 3097 256 3128 2.
268 3091 288 3125 in
300 3092 402 3136 aequilibrio
412 3091 468 3135 ponit,
481 3096 497 3125 et
509 3091 557 3126 Vars.
570 3104 624 3136 germ.
638 3095 717 3131 distincte
730 3090 807 3131 intrita.
826 3096 846 3129 E.
859 3096 879 3130 B.
