1922 3513
321 211 381 264 'Ronn
394 226 440 273 XVI,
454 232 525 269 a—ro.
786 229 810 268 97
855 227 859 231 ’

42 332 78 359 neo
91 323 166 359 morata
176 325 205 360 est
213 322 266 373 apud
276 323 327 362 cives
336 324 365 363 rei
373 338 419 364 suae
429 325 513 363 intentos
527 322 638 376 opinionem
650 321 714 361 malae
729 328 810 362 oecono-

41 374 97 414 miae.
115 395 142 402 -
160 378 253 425 noticia,
272 379 382 432 ruoltona)
401 379 480 418 Fideles
500 377 573 417 debent
586 375 671 427 gratiam
684 377 757 417 referre
770 390 811 417 non

42 426 99 468 modo
114 428 141 477 ei,
157 429 191 480 qui
204 430 262 495 ipsiS,
277 431 313 470 sed
327 433 384 472 etiam
399 434 426 481 ei,
442 433 475 485 qui
489 433 532 471 aliis
546 430 640 471 inserviit.

57 487 68 509 Γ
95 496 114 521 v.
123 488 142 525 5.
157 480 298 534 decorares,
312 488 402 542 salutate)
417 486 547 527 Observanda
561 484 645 538 apostoli
658 484 778 534 humanitas,
791 484 812 524 in

42 537 190 578 salutationibus
196 538 313 591 scribendis3
324 541 409 581 fidelium
414 542 542 589 familiaritas,
551 541 572 579 in
579 539 726 588 committendis,
735 545 812 583 v.2t.s.

42 605 123 640 rursum,
137 592 189 631 illius
199 594 303 643 humilitas,
316 596 337 634 in
350 597 488 649 suscipiendis3
503 597 572 635 horum
583 608 643 642 amor,
656 595 677 633 in
687 593 812 648 frequentan-

43 646 78 685 dis.
93 668 121 674 -
134 646 233 702 epicura,
246 650 345 704 Priscam)
358 651 416 690 Hane
429 651 532 702 lectionpm
547 649 595 689 satis
609 649 673 688 firmat
684 649 714 688 vis
725 649 813 688 testium:

42 700 166 754 aptourtlav
180 701 264 753 praefert
283 705 318 743 cel.
331 700 500 758 Baoraqaraniasi
517 699 632 743 'Pasallae
645 716 718 742 nomen
732 702 813 757 diminu-

42 756 104 794 tivum
116 754 207 795 Latinum
221 757 298 797 videtur
312 766 379 799 sancta
393 760 462 799 mulier
475 760 495 799 in
508 759 567 798 ltalia
581 758 671 810 gessisse,
685 758 731 797 Act.
744 763 775 807 18,
787 764 813 807 2.,

43 809 79 849 sed
96 808 175 861 gravius
187 812 268 851 Prr'scae
285 827 355 853 nomen
373 815 393 853 in
414 815 502 854 ecclesia.
531 813 625 865 Conjugis
639 826 710 852 nomen
722 812 755 852 hic
769 818 814 852 ante

42 865 132 903 maritum
146 866 233 916 ponitur3
249 867 295 918 quia
308 868 342 907 illa
356 869 376 907 in
390 869 473 909 eeclesia
486 869 592 921 spectatior
607 872 653 916 erat,
668 867 714 906 Act.
725 871 757 916 18,
770 872 813 911 18.:

42 918 75 957 vel
89 918 153 967 etiarn,
168 920 213 970 quia
226 920 258 960 hic
271 923 377 973 praecessit
390 925 462 962 mentio
472 923 562 962 Phoebes
576 923 669 961 mulieris.
683 945 711 951 -
725 917 814 971 cialiter,

42 973 142 1026 Aquilam)
153 973 235 1014 Nomina
243 977 329 1029 propria,
344 978 439 1026 Romana,
452 977 550 1028 Hebraea,
566 976 648 1025 Graeca,
662 976 754 1025 fidolium,
768 989 814 1029 pro·

42 1028 115 1067 miscue
129 1028 197 1079 posita,
208 1032 326 1080 paradoxas
340 1032 415 1083 gratiae
429 1033 509 1082 divitias·
517 1032 542 1071 N.
556 1032 580 1070 Τ.
595 1031 706 1071 ostendunt.
720 1053 748 1059 -
762 1046 814 1072 συν-

43 1079 115 1135 εργές,
130 1085 260 1138 cooperarios)
275 1085 363 1125 docendo
368 1116 373 1134 ,
386 1087 419 1125 vel
432 1086 510 1128 tuendo.
525 1101 544 1125 v.
560 1100 600 1137 seq.
745 1132 754 1137 ἱ

96 1138 143 1179 ulr-
159 1140 244 1186 οἵτινες,
263 1140 304 1194 qai)
320 1139 363 1179 Suis
378 1141 449 1192 singuli
462 1141 567 1181 virtutibus
584 1139 677 1179 officiisve
692 1138 814 1190 distinguun-

43 1195 84 1229 tur:
102 1203 202 1242 nunqnam
215 1206 262 1232 vero
276 1194 304 1234 ita
318 1208 428 1247 quenquam
442 1196 538 1247 scriptura
550 1195 631 1242 laudat,
650 1199 672 1233 ut
687 1206 765 1232 causam
779 1193 814 1232 ha·

43 1244 92 1297 beat
107 1246 213 1285 extollendi
232 1248 271 1297 sui,
286 1249 326 1299 sed
337 1249 401 1289 Deum
418 1250 513 1289 laudandi
531 1255 551 1288 et
568 1249 589 1287 in
601 1249 646 1287 Deo
665 1247 773 1299 gaudendi.
786 1268 815 1276 —-

44 1295 161 1361 dqe'daaar)
179 1300 216 1341 Vis
234 1303 290 1342 verbi
303 1317 341 1343 non
355 1304 476 1344 incommode
491 1304 602 1343 declaratur
622 1316 647 1341 ex
664 1302 741 1340 nomine
760 1297 814 1342 dao-

44 1358 107 1403 θήκη,
120 1375 148 1382 -
163 1358 183 1396 αἱ
193 1355 307 1406 ἐκκλησίαι,
321 1359 418 1412 ecciesiae)
429 1359 488 1398 etiam
496 1359 577 1406 Romae,
591 1361 671 1409 propter
679 1356 764 1395 Paulum
775 1369 815 1395 ser-

24 1412 26 1414 '
43 1410 115 1445 vatum.
144 1410 170 1447 Et
188 1423 222 1448 nos
242 1411 305 1451 adhue
323 1412 465 1463 quodammodo
480 1413 554 1464 gratias
572 1425 631 1463 agere
645 1411 739 1450 debemus
752 1410 814 1462 Aqui-

44 1460 74 1499 lae
90 1466 109 1500 et
121 1462 234 1512 Priscillae,
248 1466 280 1504 vel
294 1467 339 1504 olim
353 1481 440 1518 agemus.

96 1530 115 1554 V·
124 1521 142 1560 5.
158 1516 202 1558 κατ’
217 1516 283 1569 οἶκον,
304 1522 363 1574 douai)
377 1521 418 1560 Ubi
427 1520 549 1560 Christianus
566 1518 663 1571 quispiam
674 1518 760 1570 spatioso
774 1522 815 1558 ute-

43 1567 101 1608 batur
115 1571 217 1620 domicilio,
232 1573 296 1613 locrun
310 1576 364 1614 dedit
376 1575 486 1615 conventui.
514 1575 586 1614 Adhuc
594 1587 658 1625 neque
669 1573 773 1625 episcopos
781 1586 815 1612 ne·

44 1635 81 1674 qne
96 1624 187 1665 diaconos
201 1627 300 1667 habebant
317 1629 384 1669 fideles
399 1631 479 1669 Romae.
508 1629 565 1668 Adeo
578 1624 607 1667 nil
620 1634 662 1667 tum
676 1628 738 1666 simile
752 1641 814 1679 papa-

43 1677 77 1715 tui.
104 1680 149 1719 Non
163 1681 254 1721 videntur
266 1683 341 1722 Romae
359 1690 400 1723 tum
418 1679 484 1736 plures
503 1684 620 1723 domesticae
633 1681 692 1721 fuisse
707 1681 813 1720 ecclesiae:

44 1731 92 1771 alias
103 1734 177 1774 Paulus
192 1749 258 1775 earum
278 1751 355 1790 quoque
368 1740 484 1778 mentionem
497 1738 575 1777 faceret.
603 1737 652 1775 Erat
665 1736 725 1787 igitur
738 1735 813 1787 Aquila

43 1785 128 1837 Romae,
148 1790 202 1841 quod
215 1790 303 1832 Corinthi
316 1793 384 1845 Cajus,
403 1798 499 1841 0.16,25.
519 1805 630 1843 quanquam
643 1790 753 1842 persecutio
768 1803 813 1829 eum

43 1840 130 1893 inprimis
140 1845 237 1895 attigerat.
251 1845 296 1886 Act.
306 1853 336 1895 18,
344 1854 362 1890 2.
374 1869 402 1876 -
415 1847 529 1894 a'nar'raroa,
543 1844 674 1898 epaenetum)
683 1844 758 1884 Romae
766 1853 818 1884 non-fi

44 1895 90 1934 dum
103 1897 166 1938 fuerat
176 1899 256 1948 Paulus,
272 1906 291 1940 et
304 1908 368 1941 tamen
380 1901 451 1940 multos
462 1900 490 1939 ibi
502 1900 607 1940 familiares
618 1899 710 1948 habebat,
726 1912 751 1938 ex
758 1898 814 1948 Asia,

44 1950 77 1988 vel
96 1953 154 1992 etiarn
168 1967 193 1992 ex
206 1953 298 2004 Graecia,
317 1956 439 2003 Palaestina,
459 1954 537 2004 Cilicia,
557 1955 623 2007 Syria.
651 1954 712 1994 Nulla
725 1953 758 1994 hic
769 1953 815 1993 Lini

44 2003 179 2047 Clementisve'
187 2009 269 2048 mentio:
288 2010 339 2057 unde
354 2009 446 2061 colligas,
466 2023 499 2049 eos
513 2015 582 2062 postea
596 2010 674 2049 demum
685 2008 769 2048 Romam
781 2022 814 2048 ve-

43 2059 101 2100 nisse.
115 2085 143 2091 -
157 2059 249 2115 oinapqn',
260 2064 368 2118 primitiae)
382 2064 444 2103 Plane
457 2064 571 2104 favorabilis
582 2064 695 2116 appellatio.
711 2062 814 2111 100016,

44 2117 76 2155 15.
90 2137 118 2142 -
132 2113 216 2169 apator)
231 2116 272 2165 alii,
288 2116 359 2164 α’σίας·
379 2118 439 2170 idque
454 2119 525 2170 probat
539 2119 618 2159 Grotius
633 2133 677 2158 cum
688 2118 815 2157 Britannisa
869 2147 870 2150 η

43 2166 114 2207 Wolfio
129 2168 201 2218 citatis,
217 2171 288 2221 quibus
302 2173 355 2211 haud
370 2173 416 2221 scio,
431 2187 489 2224 quam
503 2179 562 2223 recte,
575 2173 687 2212 Whitbium
701 2172 815 2220 consentire,

44 2221 101 2261 dicat.
117 2218 194 2277 ἅχαΐας
207 2230 272 2264 tuetur
285 2226 378 2278 inprirnis'
386 2229 413 2266 D.
425 2229 538 2276 Hauderas,
556 2242 599 2267 eam
611 2227 740 2266 ratiocinandi
754 2226 815 2266 soler-

43 2276 96 2324 tiam,
112 2290 150 2328 qua
163 2277 206 2329 ipse
219 2281 286 2331 pollet,
301 2282 358 2321 nimis
372 2282 479 2322 liberaliter
492 2283 580 2321 tribuens
593 2282 689 2324 librariis,
712 2282 763 2320 Bal.
777 2282 815 2321 Bc-

43 2333 111 2370 traclrt.
124 2331 178 2371 Part.
191 2339 209 2376 5.
224 2335 270 2386 pag.
281 2341 313 2379 95.
325 2349 380 2388 seqq.
408 2336 455 2375 Vid.
469 2336 523 2388 App.
538 2337 580 2376 orit.
594 2336 631 2375 Ed.
644 2335 671 2374 Π.
687 2336 712 2374 ad
727 2336 746 2374 h.
759 2335 773 2373 l.

98 2400 116 2424 v.
126 2391 144 2428 7.
159 2390 275 2441 sappensis,
289 2390 389 2444 separatos)
404 2391 436 2430 Sic
449 2395 549 2433 01121.
576 2390 639 2429 Erant
650 2389 728 2429 Judaei.
744 2403 760 2428 e.
769 2394 814 2437 9,5.

43 2460 71 2467 —
79 2435 200 2493 ᾆποςὸλοις,
214 2446 314 2499 apostolis)
325 2445 422 2484 Viderant
430 2444 541 2493 Dominum,
556 2443 660 2493 dssorxtfs,
668 2450 698 2487 (ja
712 2443 758 2483 ideo
768 2458 815 2495 apo-

44 2494 87 2533 stoli
100 2494 196 2545 dicuntur,
211 2499 307 2539 vocabulo
322 2500 380 2539 latius
394 2505 462 2547 sumto,
478 2499 566 2551 quamvis
582 2499 661 2551 qnidam
675 2499 757 2538 fortasse
771 2502 817 2550 post

45 2549 176 2589 ascensionem
188 2551 267 2593 Domini
281 2555 307 2594 ad
320 2554 378 2593 fidem
392 2568 413 2593 se
428 2554 559 2603 contulerunt,
573 2568 609 2607 per
623 2555 695 2606 primos
707 2553 763 2592 Petri
777 2565 816 2592 ser-

43 2615 115 2643 mones.
145 2604 210 2646 Ceteri
222 2614 312 2660 poterant
326 2622 368 2648 esse
381 2609 478 2648 ueterani:
494 2615 513 2649 et
526 2610 576 2649 tales
590 2622 675 2661 agnosco
688 2608 732 2647 illos
743 2608 787 2660 plus
796 2607 816 2645 D

44 2656 120 2697 fratres.
148 2659 253 2713 Allegatus
268 2677 293 2702 ex
307 2662 371 2706 tCor.
385 2663 440 2703 locus
454 2664 517 2703 innuit
524 2664 674 2714 ,multitudinem
688 2675 763 2710 eorum,
781 2662 816 2712 qui

45 2709 142 2752 Christum
156 2714 256 2767 viderant,
271 2722 290 2756 et
304 2718 410 2770 apostolico
424 2719 470 2758 inde
484 2718 593 2758 testimonio
607 2718 662 2769 fungi
675 2721 773 2768 poterant.
788 2737 816 2745 -«

45 2761 87 2820 npd
95 2763 141 2818 ἑμέ,
156 2776 200 2810 ante
209 2772 247 2825 rae)
261 2772 391 2813 Vener-abiles
400 2773 446 2813 facit
455 2778 515 2822 aetas,
529 2773 549 2813 iu
559 2773 635 2812 Christo
643 2770 734 2810 maxime.
755 2770 817 2823 Apud

45 2824 121 2884 veteres
135 2827 242 2867 venerabile
262 2834 305 2867 arat
319 2830 437 2879 praecedere
452 2835 535 2882 qaataror
549 2829 612 2867 onais.
625 2848 653 2877 ,-
667 2825 780 2880 γεγόνασιν
794 2824 816 2865 a’r

45 2874 119 2928 Ζριςῳ)
134 2888 237 2930 coeperant
250 2896 289 2922 0000
303 2883 323 2922 ia
339 2883 420 2923 Christo.

99 2935 145 2974 V·8·
159 2933 182 2975 ἐν
196 2936 267 2992 avplp,
282 2938 303 2977 r‘a
311 2937 405 2993 Domino)
420 2936 495 2977 Constr.
510 2950 553 2977 cum
567 2936 659 2976 dilectam.
674 2946 720 2974 nam
733 2936 817 2974 salutare

46 2987 92 3025 ufi.
107 2990 126 3024 et
139 2990 213 3039 passim
227 2992 316 3032 absolute
330 2993 415 3046 ponitur.

36 3060 38 3062 ’
99 3047 119 3078 V·
128 3046 149 3084 9ss
161 3040 232 3096 ἡμῶν,
246 3048 341 3103 anserem)
355 3063 374 3087 u.
385 3045 418 3092 21ss

73 3101 160 3196 Tvillo.
175 3099 212 3144 τόν
225 3096 319 3158 δόκιμον,
329 3102 444 3160 probatam)
453 3097 608 3156 incomparabile
618 3097 725 3197 epitgetona
752 3096 818 3157 [Spec-
