1922 3513
344 243 397 278 111,
409 243 439 297 IV,
452 249 529 282 e-rs.
788 248 825 282 111

53 333 157 383 mentatio,
171 333 216 374 Aet.
230 341 248 383 2,
262 341 294 379 29.
309 350 334 377 ss.
349 344 381 388 15,
395 344 428 382 562
442 350 458 378 s.
472 338 596 389 maximeque
610 334 672 375 Hebr.
688 340 741 383 18.
755 350 771 376 s.
799 337 825 377 ln

54 388 123 428 Jesum
137 390 253 428 conveniunt
266 392 379 442 praedicata
390 393 476 432 Messiae
489 392 580 431 humilia:
596 403 643 441 ergo
657 390 751 428 edilium
766 391 825 431 etiam

54 443 139 494 gloriosa
145 443 214 483 referri
222 445 334 496 praedicata
344 447 421 487 debent.
430 469 458 474 —
468 442 546 498 κατέβή
554 442 646 498 apciton,
654 445 750 483 deseendit
757 445 824 498 prius)

53 498 197 550 Praesupponit
210 499 284 538 Paulus
303 500 395 541 deitatem
409 501 487 541 Christi.
505 499 600 551 namqui
618 511 643 536 ex
660 503 713 542 terra
730 505 785 547 sunt,
804 501 824 547 ii,

54 553 143 604 quamvis
158 558 215 592 antea
228 566 267 592 non
281 554 427 605 descenderunt,
443 568 545 595 ascensum
559 552 703 592 nanciscuntur.
713 574 740 581 -
754 556 782 600 εἰς
795 551 825 594 rol

53 602 161 661 κατώτερα
175 608 227 662 μέρη
240 607 278 656 τῆς
291 609 336 663 γῆς)
353 625 392 650 101
405 610 463 649 modo
477 610 584 648 interram
598 607 671 659 ipsam,
691 607 760 647 sedin
775 608 825 647 taras

53 667 119 700 terrae
127 668 201 712 partes.
221 661 260 716 [aa
278 670 299 702 ut
308 678 347 715 per
360 667 424 705 onznia
435 666 539 716 profando
552 664 601 702 nihil
613 663 730 714 relinqueret
738 658 784 701 'non
797 663 825 701 ei-

53 716 135 763 etatum,
150 719 191 755 coll.
206 730 225 756 v.
239 722 271 759 10.
285 718 311 757 V.
326 719 352 774 g.]
366 722 415 765 [mis
427 726 491 758 terroe
502 719 593 770 partibas
607 717 649 756 sive
664 717 753 757 omnibus
767 717 825 756 terris

54 776 177 821 opponuntur
194 785 268 811 summa
287 774 384 813 coelorum
401 775 443 813 sive
462 787 526 813 011000
539 773 591 812 eoel'.
619 771 768 811 Possessionem
786 785 825 810 om-

53 825 111 880 nium,
126 827 188 876 primo
202 833 271 874 terrae,
286 827 356 867 deinde
371 829 429 881 coeli,
444 841 480 879 per
494 841 515 867 se
531 826 636 879 capessivit
651 826 746 865 Christus.
773 826 825 873 ¹Cum

53 878 149 918 mentione
167 886 230 920 terrae
244 881 341 933 conjuncti
354 889 399 923 sunt
412 883 509 931 novennem
528 896 572 921 enm
585 881 682 920 mentione
697 884 782 921 locorum
795 882 824 920 in·

48 933 146 983 seriorum
161 936 263 987 conjuncta
278 942 306 975 est
320 939 426 989 eaptivitas.
440 959 468 965 -
487 939 525 987 τῆς
538 938 582 990 γῆς,
598 936 669 989 terrae)
688 936 763 988 inqua
779 941 825 975 sunt

53 988 150 1027 honcinea

106 1056 126 1080 V·
134 1048 166 1086 to,
182 1039 255 1095 αῦιός)
268 1044 304 1092 ille,
318 1045 455 1083 menalius-
466 1041 565 1099 drepana
579 1038 665 1085 nterea
675 1043 716 1085 τῶν
731 1040 823 1094 necoda,

53 1109 114 1147 supra
128 1111 192 1136 orienes
206 1098 275 1151 coelos)
294 1099 355 1137 Plane
370 1099 457 1138 sublimis
470 1099 549 1137 locut-io.
578 1097 666 1137 Christus
681 1099 770 1137 aseendit
783 1111 824 1137 101

52 1150 109 1189 modo
124 1152 144 1190 in
154 1152 234 1200 coelum,
248 1152 390 1200 Mare.16,19.
404 1153 440 1192 sed
454 1166 489 1204 per
500 1153 570 1191 coelos.
584 1152 632 1190 Ebr.
639 1156 659 1199 11,
668 1156 700 1195 111.
709 1157 749 1190 not.
761 1166 824 1203 snpra

53 1218 118 1244 omnes
133 1207 208 1256 ooelos;
224 1209 283 1246 coelos
297 1210 396 1246 coeloram.
409 1208 469 1246 Deut.
478 1212 509 1254 10,
518 1210 550 1250 11.
564 1232 592 1238 -
605 1205 713 1262 πληρώσῃ,
727 1206 823 1258 impleret)

52 1261 163 1311 praesentia
178 1266 197 1300 et
210 1261 321 1313 operatione
335 1275 376 1310 sua,
391 1275 411 1300 se
424 1263 471 1313 iprae
485 1282 513 1288 —
527 1257 555 1300 zoi
569 1255 650 1311 πάντα)
666 1261 737 1308 oretria,
751 1261 791 1298 ima
805 1265 826 1302 et

53 1327 132 1353 summa.
159 1314 212 1354 Geni.
227 1315 267 1355 Jer.
276 1322 307 1364 25,
316 1319 354 1364 211,
368 1315 403 1354 ubi
417 1316 475 1354 etiam
488 1314 552 1353 LXX
566 1313 628 1352 verbo
642 1315 723 1365 πληρὲν
737 1319 824 1368 utuntur.

106 1383 125 1408 v.
137 1375 169 1412 11Ι
184 1366 254 1422 αὑτᾶς)
268 1371 314 1421 iprae,
329 1383 405 1423 summa
417 1374 520 1421 potestate.
534 1368 556 1406 id
569 1367 664 1418 repetitur
679 1380 705 1405 ex
712 1381 732 1405 v.
740 1373 773 1410 10.
787 1368 825 1407 Mi-

52 1422 108 1461 nistri
122 1437 162 1462 non
177 1423 249 1462 dedere
263 1425 357 1476 seipsos.
377 1423 416 1477 [Ad
429 1426 462 1463 hos
476 1437 489 1462 a
504 1423 599 1461 00111111
612 1433 677 1459 rerum
690 1421 824 1470 universitate,

52 1479 107 1516 modo
121 1485 231 1527 meinorato,
245 1479 338 1527 rrtirahili,
352 1484 374 1517 ut
386 1479 472 1525 uidetur,
487 1478 539 1515 saltu
553 1475 649 1515 descendit
661 1478 765 1526 spostolus.
793 1477 826 1516 Ad

53 1530 128 1583 Corpus
147 1532 219 1571 Christi
238 1534 328 1572 nicarum
345 1533 428 1584 respicit.
456 1532 509 1570 Pari
523 1537 583 1581 paeto
604 1543 620 1567 o.
636 1534 654 1577 l,
670 1536 702 1572 22.
716 1530 742 1570 V.
756 1530 783 1585 g]
797 1553 826 1560 -

53 1582 164 1633 οἷποςόλθς·
178 1583 294 1642 προφήτας
309 1583 446 1640 εὐαγγελιςοῖς
460 1589 502 1627 art.
517 1587 625 1636 capenates:
635 1586 753 1635 prophetas:
768 1600 826 1624 enea·

50 1641 129 1691 peltatas
143 1642 185 1695 etc.)
208 1641 257 1680 Cum
271 1641 349 1680 summis
365 1640 458 1691 gradibus
474 1639 570 1690 conjuncti
583 1643 675 1690 poterant
689 1652 732 1678 esse
746 1639 823 1679 inferio-

52 1706 93 1742 res,
111 1709 131 1733 v.
145 1709 174 1746 gr.
189 1695 288 1734 Johannes
308 1695 407 1748 apostolus
421 1695 474 1733 idem
488 1694 546 1732 etiam
559 1692 674 1744 prophetam
689 1694 729 1744 egit
742 1694 763 1731 in
777 1708 823 1746 apo-

52 1748 134 1801 calypsi,
149 1756 168 1789 et
183 1751 324 1802 evangelistam
338 1750 358 1788 in
373 1749 486 1800 evangelio:
500 1748 535 1786 sed
549 1761 588 1785 101
598 1751 670 1785 eontra.
690 1746 763 1786 Omnes
775 1762 823 1800 apo-

52 1803 97 1840 stoli
117 1804 175 1843 simul
195 1805 253 1843 etiam
270 1806 311 1843 vim
330 1804 464 1856 propheticam
482 1802 598 1840 habuerunt.
626 1800 769 1840 Tantummodo
790 1803 822 1841 hic

52 1857 125 1906 gradus
140 1859 225 1898 eminens
239 1859 359 1911 prophetiae,
374 1871 413 1909 quo
426 1857 553 1907 Apocalypsis
567 1855 613 1894 data
628 1860 666 1903 est,
682 1861 724 1895 erat
738 1856 824 1895 Johanni

51 1912 161 1961 peeuliaris.
185 1913 225 1952 Sed
239 1914 346 1965 prophetae
362 1917 381 1951 et
396 1911 528 1961 evangelistae
542 1923 582 1948 non
595 1909 654 1948 simul
668 1910 727 1949 etiam
740 1912 824 1961 apostoli

50 1964 135 2005 fuerunt.
150 1968 250 2018 Propheta
264 1966 362 2006 antecedit
376 1965 522 2015 evangelistam.
537 1978 583 2002 nam
595 1963 693 2015 propheta
708 1964 823 2014 defuturis,

51 2022 172 2071 evangelista
186 2023 210 2060 de
224 2021 335 2073 praeteritis
349 2019 477 2058 infallibiliter
490 2016 584 2057 testatur:
604 2019 701 2069 propheta
714 2024 777 2058 totum
790 2020 824 2059 ha-

50 2072 84 2112 bet
98 2088 110 2112 a
124 2074 209 2126 Spiritu3
225 2076 346 2125 evangelista
360 2086 401 2111 rem
415 2073 459 2112 visu
474 2078 493 2111 et
508 2073 576 2111 auditu
590 2078 704 2124 perceptam
717 2075 823 2113 memoriae

50 2127 120 2178 prodit,
136 2130 251 2167 charismate
262 2133 328 2167 tamen
341 2128 410 2179 majori
424 2128 450 2165 ad
463 2141 534 2166 munus
548 2127 628 2165 maximi
641 2128 734 2166 momenti
742 2128 824 2167 instrue-

50 2186 92 2228 tus,
112 2195 170 2232 quarn
185 2188 273 2234 pastores
292 2188 311 2221 et
329 2182 425 2221 doctores.
453 2181 498 2219 Non
516 2181 615 2220 adduntur
632 2182 664 2220 hie
682 2183 824 2235 thaamatarpi,·

50 2248 95 2273 nam
108 2236 177 2274 horum
191 2237 276 2276 actiones
287 2238 330 2288 jam
339 2237 438 2288 aliquanto
447 2236 510 2274 minus
518 2237 616 2287 pertinent
629 2231 681 2290 apoc
693 2233 730 2277 τόν
743 2253 824 2291 καταρ-

50 2286 126 2338 τισμόν
140 2294 181 2331 κτλ.
199 2294 227 2330 ad
239 2293 356 2343 captationem
371 2297 403 2330 ete.
427 2291 454 2329 Et
467 2290 550 2330 fortasse
561 2291 603 2342 jam
618 2296 662 2328 ante
677 2296 765 2329 extrema
778 2305 824 2343 apo-

51 2343 143 2383 stolorum
156 2350 245 2397 tempora
258 2346 320 2385 rarius
334 2345 371 2385 fuit
385 2346 457 2384 donum
470 2345 612 2383 miraculorum.
630 2344 679 2382 conf.
695 2344 757 2384 Hebr.
771 2351 789 2394 2,
804 2349 823 2389 [1.

49 2416 78 2428 *-
91 2397 192 2448 ποιμένας
206 2403 242 2441 καί
256 2396 391 2449 dedcora'lae,
403 2406 494 2451 pastores
508 2406 525 2438 et
538 2398 632 2451 docteres)
652 2399 742 2437 Pastoris
756 2400 823 2451 appel-

50 2451 97 2490 latio
114 2453 162 2492 alias
180 2455 254 2506 ubique
273 2455 310 2494 soli
328 2455 412 2493 Domino
432 2455 495 2492 datur.
529 2453 621 2493 Pastores
642 2458 662 2491 et
683 2453 772 2491 doctores
790 2453 823 2493 hio

47 2506 167 2557 junguntur:
184 2523 229 2548 nam
239 2516 326 2562 pareunt
343 2511 426 2549 docendo
445 2508 539 2557 maxime,
557 2514 599 2549 tum
613 2507 745 2556 admonendo,
765 2509 824 2548 corri-

50 2561 122 2612 piendo
138 2568 174 2602 eto.
389 2594 397 2600 .
796 2575 800 2577 ’

104 2631 124 2655 v·
139 2623 170 2660 12.
185 2615 250 2672 πρός,
264 2621 304 2669 εἰς,
319 2620 359 2668 εἰς,
374 2620 411 2666 ed,
425 2618 456 2666 ia,
470 2617 500 2671 in)
514 2616 560 2657 Huc
574 2616 609 2656 rei.
623 2617 650 2665 ia,
664 2617 691 2665 ia,
705 2617 731 2655 in.
745 2630 765 2655 v.
780 2629 823 2668 seq.

52 2681 163 2723 quanquam
178 2677 207 2713 ad
215 2680 235 2712 et
248 2674 269 2712 in
283 2673 371 2712 nonnihil
382 2672 481 2714 differunt.
497 2672 553 2711 Rom.
563 2677 595 2720 15,
604 2678 622 2714 2.
640 2671 683 2710 Hoc
690 2684 749 2710 versu
763 2670 823 2710 deno-

51 2727 103 2763 tatur
118 2726 191 2766 11110110
204 2728 347 2778 ministrorum
367 2740 427 2766 versu
441 2727 540 2778 sequenti,
557 2733 610 2766 meta
624 2730 742 2774 sanctornm3
762 2738 824 2766 versu

51 2781 83 2821 11.
97 2785 129 2823 15.
144 2787 176 2824 16.
193 2785 227 2821 via
240 2779 363 2821 inerementi:
385 2788 405 2820 et
423 2781 524 2833 quodlibet
542 2782 612 2820 horum
625 2780 684 2819 habet
697 2785 738 2818 tres
749 2786 822 2831 partes,

52 2833 120 2874 eodem
129 2837 196 2876 ordine
209 2850 318 2890 expressas.
335 2836 385 2876 Sunt
396 2841 437 2875 tres
448 2837 552 2888 periochae
564 2835 678 2888 tripartitae.
694 2833 774 2873 Primae
783 2840 824 2873 tres

52 2893 117 2937 partes
131 2891 215 2931 invicem
228 2892 344 2944 respiciunt:
362 2895 413 2939 tum,
429 2890 537 2930 secundae:
555 2897 657 2943 postrem0,
671 2888 755 2927 tertiae:
775 2889 824 2928 citra

53 2942 164 2984 ehiasmum.
185 2969 213 2976 -
231 2942 383 2999 καταρτισμόν,
404 2945 531 2999 0110100011)
558 2945 601 2984 Hoc
621 2943 705 2981 maxime
727 2942 775 2982 iaoit
798 2943 825 2983 ad

52 2998 148 3040 unitatem

105 3068 124 3092 V·
135 3061 167 3098 15.
181 3056 248 3111 μέχρι,
258 3053 312 3108 elram)
325 3053 356 3093 Ne
368 3055 453 3108 apostoli
465 3055 544 3107 quidem
555 3066 576 3093 se
588 3056 681 3105 putarunt
689 3058 762 3093 metam
773 3066 825 3093 asse·
870 3069 876 3078 ,.

53 3109 106 3147 cutes
114 3125 118 3149 :
127 3109 179 3149 Phil.
188 3117 207 3153 5.
218 3110 291 3149 nedum
300 3110 389 3149 eeclesia.
405 3110 487 3163 Semper
496 3109 635 3162 proficiendum
645 3106 715 3158 fuerat,
726 3115 825 3152 1015111-
