1922 3513
334 225 390 263 aori.
402 226 429 271 11,
442 226 514 267 7-11.
788 231 810 267 71

43 328 106 366 autem
119 320 207 360 fluctuat.
224 322 268 362 vult
281 335 366 375 semper,
381 335 418 362 nee
433 324 479 370 soit,
497 321 546 374 quid
559 320 618 371 velit3
637 323 713 373 quaerit
727 335 811 376 semper,

42 390 105 430 neque
118 376 193 415 invenit
207 377 317 429 quiequam.
337 377 407 428 Itaque
418 376 537 428 profundum
551 389 595 415 eum
609 377 705 429 vertigine
718 378 811 427 intuetur,

42 445 106 484 neque
120 431 197 470 eoelum
211 445 254 471 oum
268 431 343 471 laetitia
359 432 461 483 adspicere
474 436 547 482 potest.
561 454 589 462 -
602 427 688 486 quenda,
707 431 811 485 Christum)

42 486 128 530 infidelis
144 486 240 525 Christum
252 500 291 526 nou
305 499 350 534 suo,
364 486 386 525 id
401 491 439 535 est,
459 485 532 524 Christi
545 483 622 523 nomine
636 490 670 525 aaut
685 498 695 524 e
710 487 764 525 eoelo
779 492 813 527 aut

43 559 67 584 ex
81 542 153 593 abysso
166 541 247 593 repetit:
261 540 297 579 sed
310 541 384 580 infideli
394 541 493 593 ignoranti
501 539 667 579 nomenclaturam
683 540 754 580 durau
767 554 813 593 sug-

42 597 93 651 gerit
103 596 180 649 justitia
195 608 220 635 ex
231 595 270 634 fide
284 595 316 634 hie
326 596 416 647 loquens.
432 608 451 647 q.
466 594 485 634 d.
499 594 555 644 illud,
570 594 624 647 quod
638 599 688 644 111,0
702 594 814 645 infidelitas,

42 652 117 694 eoelum
133 655 152 690 et
168 650 261 702 abyssum
274 663 361 699 movens,
377 649 402 689 ad
411 649 487 689 eoelum
501 654 535 689 aut
546 649 640 701 abyssum
652 649 771 703 perfirgiens,
783 651 815 704 (ut

42 707 94 761 apud
104 706 210 758 Virgilium
225 710 259 755 est,
274 706 384 745 Acheronta
397 705 488 758 erravere)
503 704 587 757 quaeris,
601 704 622 743 id
636 705 685 745 seito
695 705 814 745 01111οΟ1111-

42 768 92 804 stnm
106 774 142 801 neo
157 775 169 800 a
182 774 213 800 me
227 760 314 813 eogitari,
328 773 366 799 nee
379 759 416 799 abs
429 765 450 798 te
463 759 548 799 inveniri
561 771 626 811 posse.
638 772 658 799 v.
672 762 692 803 1.
711 759 748 799 Est
760 760 814 800 10011-
854 791 857 795 .

41 818 68 856 tio
82 816 214 869 hypothetica.
234 815 265 864 Id,
278 815 330 867 quod
344 815 385 855 fieri
394 827 435 854 non
446 819 517 866 potest,
532 818 554 854 ut
565 814 639 853 aooelo
653 818 687 853 aut
702 827 727 853 ex
741 814 814 867 abysso

41 877 120 925 petatur
128 872 215 922 justitia,
233 873 313 922 produ,-
327 874 415 909 removet
428 868 513 909 Paulus:
532 873 592 921 atque
605 869 634 908 ita
648 881 708 908 unum
721 869 815 922 relinquit

41 927 160 980 perfugium,
174 926 256 965 verbum
270 926 295 964 de
310 925 397 974 Christo,
413 925 467 976 quod
481 924 545 964 estin
554 924 654 976 proximo.

56 1016 58 1018 ,
95 994 114 1020 u.
129 986 148 1024 8.
163 977 224 1028 titud,
237 980 280 1035 sud)
294 980 395 1019 Par-tieula
407 980 427 1018 lr.
440 980 453 1017 l.
469 983 503 1018 aut
516 978 576 1018 habet
587 980 628 1018 uim
637 974 771 1029 ἔπιτατικήν,
785 980 814 1019 111’

40 1035 111 1075 Mattln
126 1040 158 1083 11,
172 1041 191 1079 8,
206 1040 234 1082 9.,
253 1040 288 1074 aut
308 1035 360 1074 eadit
379 1047 438 1085 super
451 1028 514 1087 ἐγγύς
523 1047 594 1085 prope.
608 1057 636 1062 —
649 1028 724 1087 iyytlr,
739 1034 814 1088 prope)

42 1090 139 1130 Christum
152 1089 298 1128 non‘debemus
313 1101 407 1140 quaerere
421 1088 496 1139 proaul,
511 1088 547 1126 sed
560 1088 612 1128 intra
624 1099 666 1127 nos.
694 1088 748 1127 Dum
762 1089 815 1128 enim

35 1146 87 1197 fides
101 1143 272 1194 erederepyineipit,
292 1142 380 1182 Christus
395 1142 505 1181 habitatin
520 1141 584 1181 eorde.
612 1142 718 1193 Quaeritur
734 1156 774 1182 non
788 1143 813 1183 ab
856 1141 859 1146 ’

41 1198 65 1237 iis
79 1202 160 1245 tantum,
174 1198 208 1249 qui
216 1197 274 1236 modo
288 1196 388 1249 ineipiunt,
403 1196 439 1236 sed
449 1196 507 1235 etiam
515 1210 527 1235 a
536 1196 688 1247 proficientibus.
703 1195 786 1245 Cantz,
795 1203 814 1241 1,
836 1228 839 1232 .

41 1252 75 1291 Ps.
91 1255 136 1299 105,
150 1257 169 1293 5.
184 1254 203 1294 1.
231 1251 270 1291 Hie
284 1252 335 1290 enim
349 1251 412 1290 sermo
427 1255 462 1299 est,
476 1255 499 1288 ut
513 1250 530 1289 si
541 1250 618 1301 justitia
631 1250 678 1289 fidei
692 1263 759 1290 seeum
771 1251 816 1303 ipsa

42 1302 254 1357 colloquereturL—-iu
269 1307 299 1359 aqi
313 1301 391 1357 ςόματὶ
405 1320 430 1345 ou
444 1303 481 1344 aul
494 1303 516 1344 tt
529 1304 558 1360 τῇ
568 1304 643 1358 καρδίᾳ
659 1307 695 1352 oa]
711 1304 814 1346 SieHebi.

42 1360 78 1400 sed
91 1359 154 1398 LXX
169 1360 253 1408 addunt,
273 1360 309 1401 aul
322 1359 344 1400 ἐν
363 1360 409 1406 ταῖς
427 1357 486 1414 quoni
503 1373 535 1399 oe.
553 1383 582 1391 -
599 1355 644 1398 rir'
657 1354 704 1413 ἕςι)
727 1360 815 1410 turdum,

42 1417 77 1455 doe
90 1421 118 1453 eat
130 1415 207 1454 ueubrua
214 1415 273 1467 fidei,
285 1428 349 1465 prope
364 1414 443 1453 esttibi.
820 1463 822 1466 Ι

95 1483 115 1507 v.
129 1475 148 1512 9.
163 1465 212 1520 totu)
225 1471 243 1508 si
255 1469 354 1508 0101οκ-
363 1461 501 1523 ὁμολογήσῃς,
516 1468 615 1516 couplassas
623 1466 700 1520 fueris)
715 1466 816 1508 Confessio

43 1524 107 1564 salvat
119 1536 159 1561 non
172 1535 208 1574 per
222 1536 253 1574 se,
268 1523 317 1563 alias
330 1522 414 1562 irrfantes
425 1535 465 1561 nou
479 1527 561 1572 possent
569 1521 654 1561 salvari:
668 1520 705 1561 sed
719 1527 816 1573 quatenus
856 1545 859 1549 ›

42 1578 101 1616 fidem
113 1577 235 1616 includit-
245 1574 327 1631 κύριον,
340 1577 456 1630 Donatum)
471 1575 495 1614 Iu
508 1576 545 1616 hae
556 1576 688 1630 appellatione
702 1581 732 1616 est
740 1590 816 1617 summa

43 1632 89 1671 fidei
103 1636 122 1670 et
133 1631 207 1671 salutis.
236 1632 274 1683 Qui
287 1633 393 1672 Dorru'nurn
407 1631 480 1670 fatetur
494 1629 573 1678 Jesum,
587 1644 626 1670 non
640 1631 719 1670 demum
734 1637 815 1672 conatur

44 1700 88 1726 eum
102 1699 127 1724 ex
141 1688 190 1725 coelo
205 1686 308 1726 deducere.
326 1711 353 1717 —-
373 1683 456 1740 ἤγειρεν
469 1681 491 1724 ἑκ
506 1686 595 1739 νεκρῶν,
615 1686 707 1725 excitavit
724 1699 750 1725 aa
763 1700 814 1726 ruor-

43 1741 89 1793 tuis)
104 1740 193 1792 Speeiale
208 1741 306 1793 objeetum
318 1740 369 1779 fidei.
398 1739 436 1790 Qui
451 1738 513 1779 eredit
527 1741 684 1780 restaurationem
697 1739 757 1789 tenu,
774 1754 814 1781 non
870 1741 872 1743 ’

44 1796 121 1835 demum
135 1800 215 1841 conatur
229 1809 273 1836 eunr
291 1808 316 1834 er
329 1795 409 1834 mortuis
423 1793 527 1833 adducere.
542 1807 562 1832 v.
577 1799 596 1838 7.

96 1864 116 1888 v.
131 1854 163 1892 10.
178 1850 260 1902 καρδίᾳ,
274 1849 340 1902 corate)
353 1848 451 1888 Probatur
465 1849 624 1899 consequentiaa
637 1849 735 1888 mentione
750 1851 815 1892 cordis

44 1910 63 1945 et
77 1904 116 1945 oris
131 1905 184 1955 apud
197 1905 266 1944 Mosen
280 1904 306 1943 ad
318 1904 377 1942 fidem
391 1908 410 1942 et
425 1901 576 1941 confessionem:
591 1903 638 1955 quia
651 1917 723 1957 nempe
738 1918 771 1945 eor
785 1911 815 1945 est

43 1960 89 1999 fidei
101 1958 202 2012 proprium
216 1958 330 2011 subjeetum,
345 1962 365 1996 et
378 1970 400 1997 os
414 1957 546 1996 confessionis.
560 1957 605 1997 ideo
620 1960 677 1999 corde
692 1964 712 1999 et
725 1973 758 2000 ore
772 1973 814 2002 sen-

43 2015 113 2054 tentias
127 2013 211 2053 inehoat.

75 2086 77 2088 ·
97 2081 115 2105 v.
131 2072 163 2109 11.
178 2066 237 2120 λέγει,
252 2066 305 2120 dicit)
320 2080 336 2105 e.
351 2072 370 2115 9,
383 2071 415 2109 55.
430 2071 470 2106 not.
486 2066 507 2118 1)

96 2134 116 2159 v.
131 2126 162 2162 12.
176 2117 189 2161 o'
203 2117 245 2174 polu
259 2120 292 2167 ἕςι
306 2117 400 2171 διαςολή,
416 2135 456 2161 arou
469 2121 520 2161 euim
534 2127 562 2161 est
580 2123 699 2177 dffereatiu)
717 2136 734 2163 o.
748 2129 768 2175 5,
781 2131 815 2169 22.

42 2175 82 2215 Hie
94 2187 133 2213 nou
148 2174 226 2214 additur
236 2176 324 2226 priunum
337 2175 424 2223 uiduata,
439 2181 461 2215 ut
472 2175 532 2225 initio,
548 2182 637 2225 1116,
652 2203 678 2209 -
693 2174 704 2220 ὁ
718 2174 760 2234 peip
775 2178 816 2222 αύ-

42 2228 86 2278 αός,
99 2230 149 2268 idem
162 2228 221 2283 euim)
237 2243 253 2268 c.
267 2236 286 2277 5,
301 2235 333 2272 29.
348 2235 381 2272 50·
395 2253 423 2259 -
437 2226 526 2284 Κύριος,
540 2232 647 2286 Dorulaus)
659 2246 678 2271 v.
688 2239 707 2276 9.
722 2259 750 2266 —
763 2233 817 2275 nlu-

42 2283 94 2336 zat)
109 2284 167 2331 diues,
182 2288 202 2322 et
214 2283 288 2335 largus.
303 2296 362 2335 quem
372 2283 428 2323 nulla
442 2285 531 2336 quamvis
541 2299 613 2338 magna
621 2287 742 2333 credentium
750 2287 815 2331 multi-

43 2337 91 2376 tudo
105 2338 208 2377 exhaurire
222 2344 296 2390 potest3
312 2339 346 2391 qui
359 2352 459 2391 nunquam
468 2352 549 2379 neeesse
557 2341 618 2380 habet
628 2341 736 2382 restrietius
748 2355 814 2394 agere.

96 2406 116 2430 v.
130 2398 161 2437 rt·
175 2392 219 2438 παῖς
232 2390 256 2439 ὃς
271 2388 305 2443 du,
319 2394 380 2433 ouras
394 2394 511 2447 qerieuuqae)
525 2395 690 2444 Δ1011211101,
717 2396 762 2436 Hoe
774 2410 815 2436 mo-

43 2446 164 2498 nosyllabon,
179 2447 228 2496 πᾶς,
244 2447 327 2501 (arrasia)
342 2453 383 2488 toto
396 2448 468 2488 mundo
481 2449 592 2500 pretiosius,
606 2451 728 2502 propositum
740 2465 761 2491 v.
776 2457 816 2501 12,

44 2500 71 2539 ita
85 2502 181 2552 repetitur
194 2515 213 2540 v.
229 2507 261 2545 12.
277 2507 352 2552 0111,
373 2503 434 2543 etita
453 2503 576 2544 confirmatur
592 2506 676 2545 ulterius
693 2520 714 2545 v.
729 2509 761 2550 11.
776 2511 816 2556 15,

44 2559 66 2593 ut
78 2567 117 2594 non
126 2556 184 2595 modo
192 2556 293 2608 significet,
305 2557 416 2610 quicunque
427 2558 530 2608 iuvoearit,
543 2560 620 2600 saluum
629 2560 681 2612 fore3
695 2561 737 2611 sed,
750 2560 816 2601 Deum

44 2608 105 2658 velle,
120 2623 141 2650 se
154 2611 243 2651 iuvooari
256 2612 281 2652 ab
295 2612 385 2652 omnibus
400 2613 518 2653 salutariter.

97 2677 117 2703 v.
133 2667 165 2710 111.
180 2670 212 2709 15-
226 2666 283 2715 πῶς,
297 2667 398 2720 quourodo)
417 2667 495 2709 Climax
507 2670 633 2722 retrograda:
648 2683 688 2722 qua
701 2669 776 2710 Paulus
790 2669 816 2711 ab

44 2717 136 2758 ulteriore
150 2720 219 2772 quovis
233 2721 297 2772 gradu
309 2722 335 2761 ad
346 2722 455 2763 citeriorem
468 2730 620 2776 argumentatur,
633 2730 653 2764 et
664 2726 723 2778 hujus
731 2725 817 2766 nenessi-

45 2775 114 2822 tatem,
128 2779 170 2814 tum
184 2787 209 2813 ex
222 2777 340 2817 necessitate
353 2777 417 2829 ipsam
433 2779 557 2830 existentiam
570 2780 612 2832 ejus
627 2779 691 2820 infert.
721 2779 760 2831 Qui
773 2780 818 2821 vult

45 2824 111 2876 finem,
121 2829 173 2890 'vult
190 2829 249 2869 etiam
262 2831 333 2872 media.
360 2832 416 2873 Deus
430 2834 483 2883 uult,
502 2839 525 2873 ut
537 2835 625 2875 homines
642 2835 734 2875 invocent
747 2835 818 2888 Ipsum

45 2880 162 2923 salutariter.
177 2897 224 2936 ergo
234 2885 283 2935 vult,
297 2891 320 2926 ut
335 2887 421 2928 eradant.
441 2902 488 2940 ergo
502 2889 550 2938 vult,
564 2894 587 2929 ut
600 2888 686 2929 audiant.
706 2902 753 2941 ergo
766 2890 816 2939 vult,

45 2939 67 2973 ut
73 2934 158 2990 habeant
164 2938 316 2990 praedicatores.
331 2941 402 2996 Itaque
410 2944 555 2997 praedicatores
561 2943 619 2984 misit.
630 2942 701 2983 Omnia
707 2943 759 2994 feeit,
765 2956 818 2998 quae

45 3022 332 3038 Ἦ

73 3060 91 3104 1)
104 3057 124 3095 ov'
135 3064 318 3109 καταισχυνθήσεται,
330 3078 366 3102 urm
375 3067 459 3115 madefiat]
471 3068 560 3112 Injustitia
569 3071 586 3103 et
596 3069 684 3114 pernicies
694 3070 779 3116 pudorem
790 3071 817 3106 in·

105 3109 171 3145 feriunt:
184 3111 269 3158 gloriam„
279 3113 350 3159 justitia
361 3120 380 3152 et
391 3117 446 3153 salus.
474 3116 493 3153 V.
504 3128 522 3162 q·
642 3120 645 3123 ’
