1922 3513
243 235 590 289 'mummmmee
788 239 811 276 m

0 334 6 393 i
44 349 249 404 gandeatisedtum
262 344 344 385 dixisset
355 340 465 394 apostolus,
480 334 511 390 ἐφ’
524 332 548 391 ᾧ,
562 335 604 375 scil.
618 332 699 388 καρπῷ.
721 332 812 388 [Pudoris

0 397 2 446 i
43 377 99 458 hisae
113 404 231 449 contrariam
245 407 273 441 est
286 397 423 444 sanctificatio,
437 408 456 433 v.
464 399 506 436 22:
522 393 585 443 plane
599 388 812 437 rit'onr.1,28.50,

0 474 2 503 ἰ
43 431 128 511 iiobiie
144 467 161 500 et
178 454 305 498 sanctificatio
317 458 362 492 scat
380 453 401 491 ia
418 447 512 489 antithesi.
540 446 601 498 Atqui
618 444 744 506 christianam
762 457 814 483 αιινιο

0 528 2 539 ³
43 485 179 565 rirrltitaeiiaem
199 507 355 551 sanctificationis
376 505 447 559 pudet,
470 515 510 555 pro
533 514 555 540 re
579 498 662 552 ignobili
687 503 813 537 aestimatam.

45 580 124 622 erareta
138 569 207 609 talibas
220 578 271 604 mors
286 563 383 603 imminet!
411 560 542 609 Otenmora,
571 555 675 594 entiores!
701 551 727 591 V.
745 551 815 616 3.]-

44 633 80 673 νῦν
100 623 160 678 maire)
175 618 343 671 cumresipuistis.
357 639 385 646 -
404 610 454 668 μα’ρ)
468 625 524 660 nant,
545 623 581 662 pro
595 614 670 649 anteat:
691 606 727 646 sed
741 619 814 659 majora

44 687 64 726 vi
74 662 195 735 sejungendi.
211 675 260 715 conf.
272 688 291 713 v.
302 679 334 716 22.
345 671 377 711 fin.
393 670 425 719 δὲ,
439 674 508 708 aretem.
523 665 551 705 sic
565 661 620 726 γαρ,
632 677 688 712 traria,
704 675 720 700 c.
729 666 748 711 5,
758 667 776 726 7,
787 681 815 690 -«

44 738 138 785 insieme,
151 730 237 784 illoram)
250 742 299 776 non,
314 730 387 767 Ιιονιιινι,
401 729 475 763 remote
487 724 564 775 spectat
572 719 687 782 praeterita,
700 739 729 745 -
742 722 815 757 θανα-

44 808 90 840 ῑος,
103 787 163 842 raom)
177 786 229 826 Huie
243 783 316 824 nomini
326 793 426 833 nunquam
439 778 517 818 additur
532 774 631 828 epitheton
641 775 741 836 ,alaniae
755 778 815 835 aeter-

44 862 76 895 na,
90 859 109 884 v.
119 851 157 892 25,
171 855 211 884 aon
224 840 281 879 ruodo
295 838 357 886 iniis,
372 837 393 875 in
408 834 479 888 quibus
493 845 546 873 mors
560 831 613 870 cedit
626 833 691 876 vitae,
706 827 741 866 sed
754 840 781 890 ne
795 840 816 866 m

44 904 68 942 iis
80 900 169 952 quidem,
188 896 222 948 qui
235 895 255 933 in
268 896 341 946 iqaem,
363 892 469 931 cruciatam
487 893 506 928 et
520 887 599 928 exitium
613 891 713 948 aetermam
727 882 815 921 abibunt.

46 954 119 1006 Siquis
134 952 220 1004 cogitare
231 954 301 1002 potest,
316 947 437 998 Scripturam
452 957 507 992 casu,
522 956 561 982 non
576 940 669 988 consilio,
689 937 768 990 quando
778 950 816 976 ›ex-

44 1021 111 1064 presse
125 1014 203 1047 aeterna
220 1006 260 1044 cita
269 1007 396 1050 memoratur,
411 1000 522 1052 oppositum
535 1009 636 1048 nunquam
652 1001 752 1057 aetermam
765 1007 816 1056 νοον-

46 1073 87 1113 tem,
101 1063 137 1103 sed
149 1061 222 1112 ubique
232 1059 288 1097 aliter
300 1056 406 1109 appellare,
420 1055 480 1106 idque
491 1058 531 1092 tam
541 1052 608 1091 multis
621 1050 642 1089 in
655 1050 713 1098 loeis3
730 1062 748 1087 er
762 1061 816 1098 equr-

46 1120 90 1158 dem
105 1113 276 1167 aequipollentiam
287 1111 387 1163 phrasirun
399 1109 479 1149 eaitiam
490 1114 589 1147 aetemmm
605 1110 642 1144 ete.
657 1104 753 1154 relinquo.
776 1102 816 1142 Ra·

46 1173 72 1212 tio
87 1177 152 1210 tamen
166 1167 285 1207 differentiae
299 1166 333 1203 vel
345 1165 395 1202 haec
410 1168 449 1202 est:
473 1161 575 1214 Scriptura
589 1165 677 1207 azortem,
699 1170 735 1209 per
748 1171 816 1209 proso-

46 1224 153 1279 popaeian,
167 1233 226 1273 saepe
236 1218 329 1258 describit
342 1223 364 1256 ut
377 1218 465 1264 hostem,
481 1228 564 1267 eumque
577 1212 728 1271 destruendum:
743 1214 816 1252 cetreia-

48 1288 91 1327 tam,
105 1290 145 1316 non
158 1276 211 1314 item.
806 1288 808 1290 v

99 1357 119 1381 v.
127 1347 159 1384 22.
173 1340 219 1380 νυνὶ
229 1339 257 1388 δὲ,
266 1333 317 1377 terrac
326 1335 379 1387 vero)
389 1340 416 1377 N
416 1334 448 1374 uvi
460 1346 556 1387 persaepe
568 1332 644 1372 Paulus
654 1329 754 1379 adhibuit,
769 1344 826 1376 sem-f

47 1412 82 1452 per
94 1410 137 1436 cum
151 1393 172 1434 δὲ
183 1406 234 1433 cero.
249 1417 276 1422 —
292 1388 356 1444 ἔμενε)
372 1390 455 1429 habetis:
470 1389 513 1436 vel,
528 1388 599 1428 habete.
615 1385 658 1426 coll.
671 1400 691 1424 v.
702 1390 735 1428 re.
749 1409 777 1414 -
790 1387 819 1432 εἰς

48 1445 165 1504 ᾱγιασμόν,
184 1450 205 1487 ia
220 1437 396 1498 saactpicdtioaem)
410 1444 536 1483 Antitlreton:
563 1439 596 1493 ἐφ’
612 1441 641 1487 οἷς
657 1436 818 1501 ἐπαισχύνεσθς.

47 1505 99 1545 Estis
115 1506 203 1543 sanctum
212 1501 251 1540 Dei
262 1499 397 1540 sacerdotium.
419 1498 506 1538 Videtur
517 1496 589 1549 respici
597 1495 658 1535 Amos
668 1499 733 1543 Mi„
752 1501 818 1538 arana

47 1558 115 1607 LXX,
129 1556 157 1602 εἷς
171 1550 285 1609 α’γιασμδν.

102 1637 121 1662 v.
131 1628 162 1664 25.
177 1616 212 1668 roi,
222 1616 255 1672 ed)
265 1619 317 1658 Nota
329 1618 454 1670 subjecti-
469 1613 555 1671 dipsium
564 1639 593 1645 —
606 1610 709 1669 χάρισμα,
722 1614 820 1665 stipendia

49 1702 76 1707 -
84 1673 203 1728 donatiuum)
217 1673 278 1712 liderlav
284 1686 344 1725 opera
352 1672 463 1712 mercedem
471 1685 526 1711 suam
533 1675 636 1717 merentur,
650 1682 689 1707 non
698 1668 759 1707 bona:
773 1682 819 1707 nam

49 1733 83 1777 illa
94 1729 211 1783 stipendium
221 1728 300 1776 lrabeat,
311 1728 360 1766 baec
370 1726 488 1766 donativum.
505 1721 599 1778 ὀψώνια,
614 1724 716 1775 stipendia,
731 1723 817 1776 plurale:

48 1782 150 1840 χάρισμα,
166 1783 282 1831 donativum,
297 1782 402 1833 singulare,
416 1782 490 1833 majore
504 1781 531 1818 vi.

294 1916 471 1970 CAPUT
506 1918 561 1967 Vll.

101 2039 120 2065 v.
133 2031 151 2069 t.
170 2023 212 2074 Ἤ,
226 2024 262 2079 aa)
279 2024 410 2076 interrogatio
424 2023 548 2076 disjunctiva.
574 2022 636 2063 Arate
651 2024 700 2063 hacc
715 2023 821 2063 cohaerent

49 2094 92 2120 cum
100 2094 142 2132 cap.
153 2086 172 2127 6,
187 2079 241 2130 cujus
250 2094 269 2118 v.
280 2085 300 2122 ’6.
311 2083 343 2123 lt.
353 2084 385 2121 21.
399 2079 462 2118 verba
480 2082 548 2117 extant
563 2078 600 2118 hoc
615 2079 679 2130 eapite
693 2078 819 2126 recurrentia,

48 2135 210 2188 καταρρεῖσθαι,
224 2133 336 2188 topiariae,
351 2129 553 2188 καρπος,’θα’νατος
567 2136 610 2174 κτλ.
625 2132 820 2172 Continuatureolla-

48 2189 75 2227 tio
90 2192 152 2227 status
166 2188 238 2226 veteris
255 2192 274 2226 et
287 2188 339 2226 novi.
357 2212 384 2220 -
404 2183 532 2240 yenaioaeoe,
551 2188 712 2242 copaescerztibas)
726 2186 820 2227 iudaeis:
844 2208 846 2210 ·

49 2255 160 2295 quanquam
171 2242 256 2280 omnium
269 2241 417 2281 christianorum
431 2247 460 2280 est
473 2242 539 2292 legem
550 2242 605 2280 scire.
622 2267 649 2272 -
663 2239 674 2283 ὁ
689 2240 763 2293 νόμος,
778 2242 820 2296 lea)

49 2312 67 2335 v.
78 2310 107 2348 gr.
121 2296 274 2335 matrimonialis.
289 2297 333 2336 Lea
343 2301 386 2335 tota
395 2296 473 2348 ponitur
483 2309 519 2346 per
529 2296 672 2348 synecdochen,
683 2296 821 2343 convenienter
873 2318 875 2320 ·

48 2351 122 2390 ineunti
130 2350 242 2402 periochae,
256 2363 293 2402 pro
304 2353 344 2402 lepe
357 2351 500 2390 rreatrimoaiali.
514 2373 541 2378 —
560 2348 724 2403 reddideritis,
739 2351 820 2405 homini)

48 2405 70 2444 id
78 2409 113 2454 est,
127 2406 207 2445 mulieri.
222 2419 241 2444 u.
253 2412 272 2448 2.
282 2406 331 2444 conf.
347 2405 420 2448 tPetr.
430 2412 449 2453 5,
458 2408 483 2453 4.,
498 2404 595 2444 ubileomo
609 2406 689 2445 interior
704 2405 821 2444 exteriorem
859 2411 861 2416 '

49 2461 195 2512 praesupponit,
210 2464 230 2498 et
243 2460 386 2511 parallelismus
399 2461 419 2498 in
434 2472 456 2498 eo
472 2463 510 2507 est,
525 2459 578 2511 quod
591 2460 646 2499 Ιιονιισ
661 2459 719 2499 etiam
733 2472 821 2499 seorsum

50 2514 74 2553 de
87 2516 176 2562 rtiieiiere,
198 2528 238 2554 non
254 2514 311 2553 modo
325 2514 350 2553 de
365 2514 452 2563 Adamo,
464 2514 508 2552 ‘viro
523 2513 655 2566 praedicatur,
677 2515 741 2554 Homo
754 2514 787 2553 hie
800 2515 821 2554 in

50 2581 131 2620 genere:
146 2569 182 2609 sed
188 2582 246 2608 versu
255 2576 274 2611 2.
284 2568 379 2608 subsanrit
389 2569 464 2608 Paulus
474 2568 592 2608 demuliere.
601 2594 628 2598 -
637 2565 669 2622 ἐφ’
677 2566 735 2618 ὅσον,
746 2569 820 2622 querat)

49 2636 85 2662 nec
99 2624 181 2674 diutius,
199 2637 236 2662 nec
249 2623 313 2662 minus
327 2623 367 2662 din.
381 2647 409 2652 —
428 2623 460 2679 ζῇ,
479 2624 535 2676 civit)
553 2623 602 2662 Lex.
617 2624 770 2675 Prosopopoeia.
797 2625 821 2663 In

43 2678 180 2729 ,apodasivira
191 2684 210 2718 et
220 2691 271 2717 mors
284 2677 401 2717 adscribitur
414 2690 454 2717 non
467 2678 518 2729 legi,
534 2679 570 2718 sed
581 2678 644 2718 uobis.
663 2678 702 2717 Hic
713 2683 778 2717 antem
790 2683 820 2718 est

50 2734 140 2783 protasis,
155 2734 175 2772 in
186 2747 225 2784 qua
237 2746 262 2772 ex
273 2734 331 2771 sensu
341 2733 425 2783 apostoli
435 2732 476 2784 legi
487 2733 526 2784 ipsi
538 2733 655 2777 adscribitur
666 2733 708 2771 vita
719 2733 752 2771 vel
763 2746 821 2782 mors,

51 2792 70 2825 et
82 2788 158 2828 marito.
185 2788 252 2828 Sermo
266 2787 334 2826 nititur
343 2791 414 2827 natura
426 2788 542 2837 relatorum,
558 2801 609 2839 quac
623 2791 668 2827 sunt
680 2787 714 2825 lex
724 2792 743 2826 et
756 2788 820 2827 homo.

50 2840 90 2881 Ubi
104 2844 198 2883 alterutra
212 2855 258 2895 pars
268 2842 359 2891 moritru,
374 2843 437 2882 altera
450 2846 540 2883 censetur
553 2848 635 2882 mortua.
655 2840 689 2881 Sic
703 2843 787 2894 protasis
802 2848 822 2883 et

51 2897 140 2949 apodosis
155 2899 263 2938 cohaerent.
281 2918 289 2925 -»
476 2949 480 2953 Ι
709 2905 711 2907 “

103 2978 122 3004 v.
134 2971 153 3008 2.
168 2960 281 3018 ὕπανδρος)
297 2961 330 3002 Sia
337 2961 407 3001 LXX.
418 2984 445 2990 -
461 2960 548 3012 diderat,
560 2962 620 3013 iipata
631 2960 666 3013 est)
674 2958 771 3001 'conserui
779 2967 821 3014 pot-

52 3020 198 3068 estcnmoire,
214 3022 233 3056 et
252 3031 295 3057 curn
311 3018 354 3070 leqi.
368 3039 396 3045 -
415 3016 454 3059 τοῦ
467 3014 520 3067 adae
534 3016 574 3057 τοῦ
584 3011 670 3069 α’νδρδς)
692 3015 821 3057 Nonincom-

50 3073 107 3112 mode
121 3079 195 3114 statuas
209 3071 361 3125 appositionem:
376 3087 390 3112 α
404 3075 453 3125 lepe,
464 3071 515 3112 cim.

104 3143 124 3169 v.
133 3135 152 3173 5.
166 3125 298 3185 χρηματίσει)
313 3126 355 3168 scii.
369 3123 458 3178 incede,
472 3125 540 3166 sirbibit
553 3124 702 3178 appellationem
716 3127 821 3175 adultam,
