1922 3513
329 230 399 271 200R.
412 230 464 275 XIII,
478 234 537 270 2-7.

192 330 237 364 cente
250 327 293 366 dixi
464 333 482 366 et
572 332 616 365 ante
630 325 671 364 dico

104 432 162 483 qnasi
170 378 265 484 praesim
278 438 381 476 secundam
463 440 481 473 et
572 435 640 474 absens
654 446 706 472 iaaac

50 485 119 538 (quum
131 486 221 527 nimirum
233 489 253 528 in
267 490 358 531 viciniam
370 489 435 529 Corin·

49 540 104 579 thum
117 554 185 581 versus
195 544 290 593 venisset,
302 546 382 598 jamque
397 550 435 584 sta-

49 594 119 634 tuisset
128 596 170 647 ipse
178 610 254 650 quoque
262 612 284 638 eo
291 601 364 650 venire,
375 613 434 651 quan-

50 662 108 701 quam
123 650 193 690 deinde
206 653 302 707 pepercit)
350 660 352 663 '

76 758 100 797 iis
114 760 148 811 qui
161 768 205 801 ante
212 770 346 814 peccaverunt,
360 762 435 802 scilicet
462 766 480 800 et
570 760 650 811 reliquia
668 759 763 808 omnibus,
786 758 820 811 qui

77 818 121 853 ante
135 817 240 857 secundum
253 818 304 857 hunc
318 818 428 857 adventurn.
570 820 641 867 postea
677 819 819 866 peccaverunt,

570 875 615 921 post
629 868 735 907 adventum
752 882 819 908 secun-

570 924 626 972 dum,
650 929 668 963 et
686 928 752 962 tamen
774 928 818 963 ante

358 1008 359 1013 =
496 1002 498 1004 ·
556 977 677 1018 :adventum
689 978 773 1017 tertium.

49 1051 76 1057 -
90 1028 102 1070 ei
117 1031 223 1084 φείσομαι,
237 1048 276 1073 non
286 1032 378 1085 parcam)
391 1033 510 1085 Pepercerat
524 1038 587 1072 antea.
603 1047 619 1072 c.
634 1039 652 1081 1,
669 1039 701 1075 25.

102 1100 121 1124 V·
136 1092 154 1128 3.
169 1084 257 1138 doncuria
272 1088 355 1137 ζητεῖτε,
370 1090 500 1127 documentum
514 1087 614 1140 quaeritis)
630 1087 761 1138 Metonymia:
775 1085 818 1124 irri-

48 1138 94 1177 tatis
108 1154 148 1190 me3
163 1142 241 1180 tentatis
255 1155 295 1191 mc3
311 1142 381 1181 sentire
396 1142 471 1194 cupitis,
484 1142 526 1193 qnis
541 1143 582 1181 sim.
597 1156 616 1181 vc
629 1147 647 1185 5.
664 1136 739 1191 δοκιμή
752 1141 818 1192 conju-

49 1198 95 1243 gara
108 1208 143 1234 sua
157 1195 218 1234 habet
231 1209 288 1235 versu
303 1201 321 1238 5.
332 1210 346 1235 s.
361 1218 388 1224 -
403 1198 427 1238 τε]
437 1222 461 1228 -
471 1193 543 1249 pigi)
558 1197 570 1235 i.
582 1209 598 1235 e.
613 1211 640 1235 aa
655 1195 742 1234 Christus
756 1195 777 1233 in
786 1207 818 1233 me

48 1247 145 1299 loquatur.
173 1250 292 1289 Dubitarunt
306 1250 409 1291 Corinthii:
424 1250 514 1288 dubitare
530 1262 562 1289 ecs
575 1264 614 1289 non
624 1249 702 1297 debere,
714 1261 761 1287 mox
774 1262 819 1300 pro-

48 1301 88 1340 bat.
102 1325 130 1331 -
145 1305 175 1351 εῐς
189 1301 255 1356 ὑμᾶς,
270 1304 292 1344 ἐν
306 1301 364 1355 ὑμῖν,
383 1306 404 1343 in
417 1318 461 1343 nos:
479 1305 500 1342 ia
513 1304 574 1357 robis)
591 1304 690 1343 Differunt
703 1302 818 1354 particulae.

49 1370 65 1395 θ·
80 1362 111 1406 10,
127 1364 145 1401 l·
164 1380 192 1386 —
210 1356 234 1399 ἐκ
248 1356 344 1408 α’σθενεῒ,
362 1373 401 1398 aon
414 1357 531 1411 infirmatur)
546 1372 582 1411 per
596 1371 638 1406 me,
657 1363 676 1397 et
691 1357 742 1396 hanc
756 1358 819 1410 ipsam

49 1411 155 1463 epistolam.
171 1435 198 1441 —-
213 1412 306 1461 δυνατεῖ)
321 1413 386 1452 Ardor
401 1413 480 1465 spiritus
494 1413 578 1452 verbnm
591 1413 630 1452 hoc
643 1426 721 1461 novum,
735 1425 771 1464 per
784 1426 819 1465 pa-

48 1466 117 1505 r‘odian
132 1467 157 1505 ad
168 1464 265 1514 ἀσθενεῖ,
278 1467 378 1517 produxit.
448 1474 450 1478 '

101 1535 120 1559 v.
135 1525 154 1565 lt.
169 1523 192 1569 εἰ,
206 1521 232 1574 si)
245 1520 345 1560 Particula
359 1521 513 1560 concessiva—
528 1516 650 1576 igaupcidn,
665 1520 768 1572 canapinis
783 1519 818 1573 est)

49 1573 114 1624 Orac,
133 1589 207 1615 summa
219 1575 336 1625 infirmitasq
349 1581 430 1614 mortem
444 1575 532 1613 includit.
552 1589 598 1614 nam
611 1576 651 1614 vita
665 1575 776 1627 opponitur.
787 1587 819 1604 ’-

47 1625 68 1675 ἔξ
81 1625 204 1679 ἀσθενείας,
223 1644 247 1669 aa
261 1630 377 1682 imirrnitate)
393 1630 512 1668 Infirmitatis
532 1635 569 1678 est,
591 1629 682 1681 crucifigi.
710 1629 767 1668 Haec
783 1629 817 1668 ⁴vis

47 1683 160 1733 particulae.
169 1711 193 1717 -
203 1681 322 1731 cintreium
336 1682 357 1724 ἑν
369 1681 434 1737 αὐτῷ,
448 1685 569 1736 infirmantur
580 1684 600 1722 in
610 1683 651 1735 illo)
665 1683 759 1722 Variatur
770 1696 817 1722 mox

46 1737 152 1787 particula,
167 1733 213 1786 oliv,
225 1751 267 1779 carm
281 1737 320 1776 ill0.
334 1739 465 1791 infirmamur,
484 1751 522 1775 non
536 1751 648 1776 exercemus
663 1734 764 1787 δύναμιν,
779 1752 816 1789 po-

47 1791 129 1840 tentiam,
145 1792 232 1844 adeoque
242 1792 292 1830 hanc
301 1792 339 1844 ipsi
350 1794 412 1831 minus
426 1793 523 1839 sentimus,
537 1792 684 1832 tribulationum
692 1804 751 1829 sensu
759 1805 815 1844 prae-

46 1845 131 1885 valente.

100 1914 119 1939 v.
134 1904 152 1943 5.
167 1895 254 1949 ἑαυτεῖς)
267 1914 301 1938 ros
314 1901 377 1951 apros,
397 1913 436 1938 non
449 1899 538 1937 Paulum.
568 1899 590 1938 si
608 1899 766 1938 attaminaveritis
780 1914 817 1939 vos

45 1952 108 2003 ipsos,
123 1953 219 1999 sentietis,
239 1954 306 2004 quales
319 1967 354 1992 nos
369 1954 434 1991 simus.
464 1953 504 1992 Ubi
518 1954 561 1992 veri
576 1959 621 1993 sunt
636 1953 726 1992 doctores
742 1960 761 1993 et
775 1955 818 1993 veri

47 2006 149 2055 auditores,
165 2007 189 2045 ab
204 2007 266 2052 altera
279 2012 334 2057 parte
349 2007 373 2045 de
390 2008 457 2054 altera,
473 2007 536 2058 qualis
551 2008 582 2056 sit,
598 2008 709 2047 existimare
724 2008 775 2047 licet.
790 2034 818 2041 -
840 2055 842 2058 Ι
890 2016 896 2019 “

46 2059 68 2098 ἕν
81 2060 107 2114 τῇ
121 2060 189 2107 πῖςει,
207 2060 227 2097 in
234 2060 284 2111 fide)
299 2061 389 2112 adeoque
402 2062 422 2099 in
437 2060 520 2100 Christo.
535 2084 563 2089 -
578 2061 709 2113 δοκιμάζετε,
726 2063 817 2117 probate)

47 2112 137 2151 Graviori
149 2112 214 2159 verba
229 2119 307 2161 tartare,
325 2115 427 2166 subjicitur
440 2115 503 2154 lenior
518 2116 634 2155 admonitio:
653 2117 671 2155 si
684 2116 727 2155 eatis
741 2117 762 2156 in
769 2119 816 2170 fida,

45 2180 79 2205 aas
92 2168 143 2217 ε’]νεοε
153 2167 241 2217 probate.
260 2171 289 2217 ei,
304 2170 329 2218 si,
343 2175 365 2207 ut
378 2183 425 2207 mcx
439 2170 459 2207 in
473 2171 492 2209 εἰ
505 2166 563 2220 μήτε.
578 2197 604 2203 -
620 2169 640 2220 ἢ,
654 2170 689 2222 aa)
704 2171 716 2209 i.
732 2184 748 2209 e.
763 2178 817 2223 pote-

46 2220 80 2258 stis
94 2221 161 2271 utique
175 2233 212 2259 vos
225 2223 320 2272 probare:
334 2237 379 2261 nam
393 2223 453 2263 Jesus
468 2223 556 2263 Christus
571 2230 600 2264 est
614 2225 634 2263 in
647 2225 714 2273 vobis,
734 2238 817 2278 eumque

45 2273 65 2311 in
79 2274 134 2313 vobis
150 2287 191 2312 esse
205 2276 272 2314 nostis.
301 2274 393 2330 [Quilibet
406 2279 497 2317 nimirum
511 2284 587 2318 tentare
601 2279 684 2330 scipsum
695 2286 763 2330 potest,
778 2283 817 2321 sice
858 2277 864 2286 “

45 2327 115 2378 infide
127 2329 152 2367 sit
161 2329 200 2367 aine
214 2331 288 2369 inimo:
307 2332 391 2383 probare
405 2347 425 2372 se
439 2346 532 2384 anumque
545 2336 630 2372 valorem
645 2336 749 2384 explanare
762 2349 817 2375 acino

45 2383 105 2430 vaiet,
124 2384 162 2421 nisi
168 2385 240 2435 fidelis.
255 2384 280 2423 V.
295 2386 323 2441 ς]
337 2413 365 2418 -
375 2386 537 2441 ἐπιγινώσκετε,
555 2388 665 2439 apncecitis)
684 2387 817 2440 Compositum

46 2436 181 2488 emphaticum.
195 2462 223 2467 —
237 2435 281 2488 ὅτι,
300 2442 360 2496 qaod)
378 2442 437 2481 Ratio
452 2442 487 2480 sul]
503 2454 548 2491 qua.
564 2467 590 2472 —-
609 2443 681 2491 ἰησές,
695 2443 761 2496 Jesas)
777 2458 817 2483 non

45 2491 108 2530 solum
123 2505 191 2531 sensus
206 2493 288 2542 Christi,
303 2496 339 2534 sed
352 2498 395 2548 ipse
408 2496 467 2535 Jesus
482 2495 581 2535 christia
596 2494 624 2548 [nt
634 2502 690 2547 patet
703 2511 728 2536 ea
743 2501 816 2550 arpena

41 2547 125 2597 proprio
140 2547 225 2598 tramine,
244 2548 310 2588 Jesus.
340 2551 396 2600 Coras.
415 2550 486 2593 2Tim.
501 2552 520 2598 li,
535 2557 567 2593 22.
586 2550 612 2589 V.
628 2551 655 2606 g.]
676 2575 702 2582 -
720 2553 738 2592 εἰ
757 2550 817 2605 μήτε,

44 2600 83 2639 arisi
96 2601 151 2655 qaid)
167 2601 208 2651 sie,
227 2604 270 2643 nisi.
287 2618 302 2643 c.
318 2611 336 2654 3,
350 2611 368 2648 1.
388 2604 407 2644 ri
426 2605 481 2657 qaid,
499 2604 576 2657 mitigat
590 2619 705 2646 sermonem.
719 2627 746 2634 -
764 2603 817 2649 dti-

45 2669 115 2718 nepot,
129 2657 215 2712 reprobi)
229 2659 308 2711 passive
322 2665 341 2699 et
356 2659 424 2699 active.
443 2673 488 2699 nam
501 2661 605 2713 respicitur
620 2661 744 2713 conjugatum
759 2663 817 2702 dout-

44 2709 131 2761 μαζειε,
145 2713 246 2765 reciproco
260 2727 324 2753 sensu.
499 2724 500 2728 ’

99 2779 118 2804 v·
133 2772 152 2809 o.
167 2763 288 2821 γνώσεσθε,
302 2768 389 2821 nosaetis)
404 2782 441 2821 per
451 2770 586 2820 probationem
600 2769 669 2817 vestri,
684 2769 725 2808 sine
741 2771 817 2823 experi-

44 2822 110 2858 mento
124 2822 227 2872 potestatis
241 2825 302 2861 meae.
317 2837 335 2862 v.
353 2829 383 2866 10.

98 2888 118 2914 v.
134 2881 151 2919 7.
166 2873 266 2930 εὔχομαι)
279 2877 336 2916 Idem
349 2878 432 2917 verbum
446 2892 490 2917 cum
504 2879 614 2919 accusativo
625 2882 643 2916 et
655 2877 755 2926 infinitivo,
770 2879 816 2919 Act.

46 2931 81 2975 26,
95 2935 127 2972 29.
142 2954 169 2959 —
182 2928 212 2983 μή
225 2930 315 2981 ποιῆσαι
330 2929 386 2983 ὑμᾶς
401 2930 467 2974 κακόν
480 2933 556 2985 μηδὲν)
571 2940 592 2973 nt
604 2933 653 2973 nihil
665 2934 713 2971 iacti
720 2934 816 2981 faciatis:

45 2981 74 3020 sic
86 2990 140 3025 recte
153 2987 252 3036 Interpres
267 2986 365 3036 vulgatus.
395 2987 488 3039 Sequitur
503 2988 558 3037 enim,
572 2994 635 3027 utros
649 2987 717 3026 boacca
725 2989 816 3036 sociatio.

46 3034 125 3080 Grotius
139 3042 286 3091 interpretatur:
301 3054 325 3080 ne
339 3056 399 3093 copae
413 3043 503 3094 cuiqnam
516 3039 598 3090 malim,
617 3054 710 3093 poenam,
724 3043 816 3096 inflipere.

46 3089 87 3131 Sed
105 3096 133 3136 sic
152 3094 245 3137 amittitur
263 3094 372 3136 antitheton
388 3097 446 3136 modo
466 3101 559 3136 notatum.
590 3096 743 3192 HabetPncieir
761 3112 817 3139 accu-
