1922 3513
145 263 180 297 182
440 255 508 294 tUOR.
520 255 534 298 Ι,
547 258 618 293 fi-tr.

139 360 162 394 *ct
174 355 246 393 salute:
265 354 305 393 sive
319 354 463 405 confirm-amur,
484 349 633 405 (confirmamur)
647 363 687 401 pro
701 353 765 388 uestra
779 347 911 395 consolatione,

144 422 194 461 quae
208 415 301 461 operatur
318 407 445 459 inpatientia
462 407 563 446 eorumdem
581 404 715 453 aduersorum,
735 416 784 455 quae
802 403 859 442 etiam
876 415 912 441 nos

140 464 235 516 patiatur,
250 470 268 503 et
281 461 324 514 spos
337 468 404 501 nostra
411 465 474 515 flrrna
484 475 523 512 pro
536 460 597 499 uobis:
611 461 694 506 scientes,
709 459 761 510 quod
772 458 821 496 sicut
830 457 912 508 partici-

140 533 178 570 pes
192 519 236 558 estis
250 520 383 565 aduersorum,
402 517 428 555 sie
442 516 498 555 etiarn
511 515 651 554 consolationis.
680 511 848 564 Quemadmodum
860 510 912 549 Phil.

145 579 245 623 tlt-19.
260 572 337 624 θλίψις
351 576 370 609 et
385 569 476 624 σωτηρία
490 570 540 608 inter
551 582 572 608 sc
582 573 709 621 opponuntur,
724 568 751 607 ita
760 568 797 607 hoc
807 567 850 606 loco
865 564 913 606 att-

144 639 185 681 ψις
199 627 289 679 angentia
302 625 432 663 ministrorum
444 623 546 674 evangelii,
562 628 581 661 et
593 625 695 661 consolatio
706 625 796 674 salusque
807 619 913 660 Corinthio-

144 696 188 721 rum
201 683 251 720 inter
265 692 286 717 se
300 683 434 730 opponuntur,
448 677 534 728 ,perinde
551 681 574 715 ut
591 690 643 716 ritors
660 677 738 715 illorum
752 682 771 715 et
784 677 824 715 vita
837 676 913 722 horum,

146 731 229 783 nlry12.
257 733 318 770 Porro
332 732 362 770 uti
376 744 401 769 ex
415 732 515 779 afflictione
528 730 658 769 ministrorum
673 731 770 781 evangelii
783 730 856 782 pendet
870 743 913 769 coit-

144 791 212 830 solatio
227 792 246 827 et
259 789 312 825 salus
320 784 473 824 Corinthiorum:
489 785 517 823 ita
529 797 553 822 ex
565 785 691 824 consolatione
701 785 779 824 illorum
788 784 861 836 pendet
870 798 913 824 con-

144 846 211 883 solatio
225 843 292 881 horum
309 845 328 878 et
341 854 384 892 spes
398 839 476 878 illorum
494 852 530 891 pro
544 838 580 878 his.
608 839 735 892 Participium
749 840 827 879 scientes
840 839 914 891 pendet

142 892 157 937 ¹a
170 897 236 937 verbis
250 896 340 948 carpimur
354 899 374 933 et
383 908 417 934 eon
424 908 518 934 enarrantur
528 894 643 934 subauditis.
671 895 702 934 Ita
711 894 748 934 sibi
759 899 847 934 constant
855 907 914 933 mem-

144 953 180 992 bra
193 953 252 1005 hujus
266 950 375 1003 periochae,
390 962 441 1001 quae
456 949 512 988 aliter
526 949 622 1001 aliterque
634 949 722 1000 trajecta
737 950 757 988 in
765 950 870 1001 Apparatu
881 963 914 988 no-

143 1013 213 1047 tamus.
242 1005 299 1044 Nunc
314 1005 371 1044 etiam
385 1004 497 1055 singulatim
512 1004 578 1055 aliqua
592 1004 740 1044 declarabimus.
754 1027 783 1033 -
796 1005 846 1052 slis,
866 1003 914 1058 siue)

144 1061 245 1101 Interdum
258 1060 321 1111 magis
336 1059 444 1098 sentiuntur
459 1059 552 1108 adversa3
568 1059 666 1098 interdum
680 1058 792 1099 consolatio.
807 1080 835 1086 —
849 1054 914 1109 ὑμῶν,

143 1115 216 1168 uestra)
236 1115 348 1154 Communio
362 1118 483 1162 sanctorum,
504 1113 524 1152 in
539 1113 596 1152 corde
610 1113 677 1163 Pauli,
697 1114 747 1162 Titi,
767 1113 914 1161 Corinthiorum,

142 1169 227 1210 'aliarum
241 1168 368 1208 ecclesiarum
382 1168 474 1216 exercita,
490 1168 569 1219 egregie
580 1173 737 1220 repraesentatur
748 1168 768 1206 in
776 1168 814 1207 hac
826 1167 914 1219 epistola.

145 1240 162 1264 c.
170 1232 188 1273 2,
197 1232 216 1268 5.
231 1227 250 1273 lt,
258 1228 289 1267 15.
305 1229 323 1272 6,
332 1229 363 1266 12.
380 1228 397 1270 7,
406 1228 424 1266 7-
433 1228 464 1266 15.
480 1228 498 1271 9,
507 1228 538 1265 12.
566 1222 622 1261 Haec
632 1223 691 1262 corda
699 1223 753 1262 fuere
765 1224 820 1274 quasi
829 1223 915 1274 specula,

144 1280 239 1332 imagines
253 1279 303 1317 inter
323 1291 344 1317 se
362 1277 509 1329 reciprocantia.
538 1276 592 1316 [loni.
606 1277 657 1315 Phil.
666 1285 684 1326 2,
693 1283 725 1320 26.
734 1291 749 1316 s.
763 1300 791 1305 -
804 1272 921 1329 unoculi-‘1

142 1333 208 1382 σεως,
228 1332 364 1385 consolatione)
383 1332 403 1371 in
417 1332 486 1370 anima.
500 1353 528 1360 —-
542 1332 657 1385 σωτηρίας,
678 1331 748 1385 solerte)
761 1332 782 1370 in
795 1344 822 1369 re.
836 1352 864 1358 —-
878 1331 916 1380 τῆς

145 1386 287 1440 ἐνεργομένης)
297 1386 392 1425 Medium.
408 1400 424 1424 c.
432 1389 451 1434 tr,
460 1391 492 1428 12.
504 1386 560 1424 Rom.
570 1391 587 1432 7,
595 1391 614 1428 5.
628 1408 656 1413 —
670 1386 711 1426 cciv
721 1384 798 1437 circio)
813 1387 915 1424 eorundem

144 1454 232 1480 numero.
260 1441 318 1480 Pauli
326 1441 410 1480 aduersa
421 1446 476 1479 erant
485 1440 553 1479 eadem
561 1439 707 1488 Corinthiorum,
722 1439 755 1491 qui
764 1444 818 1478 erant
824 1440 848 1478 ‘in
857 1439 915 1479 eorde

145 1495 213 1533 Pauli:
229 1508 245 1533 c.
253 1501 272 1543 6,
280 1501 312 1538 12.
327 1495 353 1533 ad
366 1495 449 1546 illosque
458 1494 581 1533 redundabat
592 1494 665 1532 fructus
677 1507 747 1542 eorum,
763 1507 874 1546 quanquam
883 1493 915 1532 oh·

146 1549 246 1596 stiterant,
265 1562 303 1600 quo
321 1549 384 1587 minus
396 1548 509 1587 Corinthum
526 1548 607 1586 veniret.
635 1548 752 1586 Declaratur
770 1548 915 1586 communicatio

144 1606 218 1641 mutua.
232 1623 260 1628 -
273 1601 389 1655 ποὶοχομεν,
404 1601 441 1642 καὶ
454 1600 468 1651 ἦ
482 1601 545 1649 ἐλπὶς,
559 1602 650 1652 patiatur,
666 1609 683 1640 et
691 1602 743 1655 spes)
758 1601 806 1640 (lum
819 1602 916 1640 mentione

145 1655 269 1694 afflictionum
284 1661 303 1693 et
316 1655 421 1706 patientiae
433 1655 491 1706 jungi
504 1655 553 1693 solet
567 1668 617 1706 spes.
632 1669 651 1693 v.
662 1661 693 1698 10.
707 1657 764 1695 Rom.
773 1661 791 1703 5,
800 1662 842 1698 5.s.
857 1658 915 1704 15,lr.

144 1731 173 1737 —
186 1708 271 1762 βεβαία)
279 1711 342 1761 ficaria
357 1714 396 1758 est3
411 1709 521 1748 firmitatem
535 1721 571 1760 per
584 1721 616 1748 res
630 1708 723 1750 adversas
737 1715 800 1749 nacta.

199 1768 246 1807 v.8.
261 1762 283 1804 ἐν
299 1765 324 1820 τῇ
339 1759 401 1814 riola,
421 1764 441 1802 in
455 1763 512 1816 Asia)
531 1763 592 1805 ider.
601 1767 632 1812 15,
641 1770 673 1806 32.
683 1770 722 1804 not.
751 1764 881 1803 Afflictionem
894 1763 917 1802 il-

144 1819 185 1859 lam
197 1817 304 1857 Asiaticam
315 1823 388 1857 norarrt
397 1816 502 1857 Corinthii:
516 1818 669 1870 magnitudinem
683 1832 730 1859 vero
740 1824 759 1858 et
771 1819 855 1858 fructum
865 1832 917 1857 nunc

146 1874 233 1913 declarat
241 1873 321 1912 Paulus.
351 1870 457 1925 [Universa
471 1874 551 1924 epistola
563 1874 684 1913 itinerarium
694 1877 765 1924 refert,¹
778 1876 813 1913 sed
822 1888 917 1925 praecep-

146 1930 170 1967 tis
180 1934 290 1980 perteorturn
302 1927 479 1979 praestantissimis.
489 1926 520 1966 Ὺ.
534 1926 561 1982 g]
580 1949 608 1955 -
627 1925 678 1982 ὑπὲρ
694 1925 791 1981 δύναμιν)
811 1942 872 1980 supra
880 1931 917 1978 fa-

147 1986 246 2030 cultatem,
267 1982 389 2021 ordiuariam.
404 2004 432 2010 -
450 1982 621 2036 ἐξαπορηθῆναι,
641 1982 808 2035 despondeamus)
827 1983 918 2022 Affirmat

146 2038 184 2084 hic,
200 2036 252 2088 quod
267 2051 282 2075 c.
291 2040 336 2084 d‚8.
352 2036 389 2074 alio
403 2041 494 2088 respectu
507 2041 573 2087 negat.
588 2050 633 2075 narn
646 2036 679 2076 hie
693 2038 718 2076 de
731 2038 824 2086 humano,
838 2038 878 2076 illic
892 2037 917 2076 de

147 2091 213 2130 divino
226 2090 312 2142 loquitur
327 2090 405 2129 auxilio,

201 2160 221 2184 r.
230 2150 249 2187 9.
264 2141 328 2193 oillei,
342 2144 384 2196 sed)
398 2145 419 2184 id
433 2150 468 2193 est,
483 2145 546 2183 immo.
564 2144 647 2183 subaudi
658 2154 773 2198 propterea,
794 2147 832 2198 qast
842 2153 875 2185 etc.
889 2152 917 2185 ut-

147 2215 171 2239 ne
180 2206 213 2239 cto.
222 2221 249 2226 -
261 2195 286 2240 το
295 2194 412 2250 induniaci)
424 2199 545 2249 Hesychius:
561 2195 678 2251 cino'uoina,
693 2199 823 2254 κατάκριμα,
838 2202 918 2254 ψῆφον.

147 2251 276 2306 (incantator,
287 2252 386 2303 perditurae
395 2254 492 2302 judicare,
506 2265 542 2303 pro
555 2252 609 2290 nullo
619 2253 698 2292 hahere.
715 2254 831 2305 oppositum,
847 2269 882 2293 coa
895 2255 917 2293 si.

146 2308 212 2347 Aliter
225 2306 328 2346 Simonias.
343 2328 371 2333 -
385 2304 428 2347 tal
443 2306 483 2355 ἐπὶ,
499 2308 533 2345 sect
545 2304 574 2358 in)
588 2305 640 2344 Mira
653 2313 723 2346 natura
737 2309 791 2355 fidei,
805 2308 825 2346 in
839 2309 917 2347 summis

147 2361 303 2409 difficultatibus,
318 2361 393 2399 nullum
409 2361 482 2399 exitum
496 2360 568 2399 hahere
581 2360 635 2398 visis.
649 2382 677 2388 —
691 2360 801 2416 ἐγείροντι,
815 2362 918 2415 excitante)

148 2416 212 2460 1Cor.
224 2422 256 2459 15.
273 2415 349 2468 copiose
364 2415 469 2468 scripserat
483 2415 508 2454 de
516 2415 658 2453 resurrectione
666 2422 795 2455 mortuorum:
810 2430 861 2455 nunc
875 2430 919 2455 ean-

147 2471 192 2510 dem
207 2470 314 2510 doctrinam
327 2469 434 2509 identidem
447 2470 534 2522 attingit‚
549 2474 573 2518 et,
588 2469 671 2509 veritate
686 2472 727 2523 ejus
742 2470 794 2523 apud
808 2470 918 2511 Corinthios

147 2525 306 2576 praesuppositis,
321 2537 378 2562 usum
391 2529 455 2575 urget.

203 2592 222 2616 v.
232 2583 263 2619 10.
278 2573 359 2628 ῥύεται,
375 2578 440 2629 eripit)
453 2577 555 2624 Praesens,
572 2582 663 2628 respectu
673 2579 734 2630 ipsius
749 2579 862 2627 afflictionis.
876 2578 889 2617 i.
902 2591 918 2617 e.

148 2632 228 2671 diucitin
241 2635 303 2670 morte
318 2643 394 2679 sumus,
414 2631 511 2682 eripimur.
529 2653 557 2659 -
575 2628 697 2684 ἠλπίκαμεν)
716 2646 769 2683 spem
783 2646 848 2671 sunaus
861 2633 918 2672 nacti.

147 2709 176 2715 —
189 2681 291 2740 ῥύσεται,
306 2683 382 2737 muniet)
395 2690 418 2723 ut
431 2685 504 2735 possim
518 2684 544 2723 ad
557 2697 592 2723 vos
606 2683 679 2723 venire.

202 2754 222 2779 v.
230 2744 262 2782 11.
279 2733 462 2792 cununcpya'otmn,
477 2737 656 2789 serbacljuaantilrus)
665 2738 697 2777 Ex
707 2735 767 2792 ἔργον
777 2742 807 2777 est
815 2734 920 2792 ὖπορννῒν.

148 2791 221 2849 ἔργον,
240 2807 288 2846 opus
303 2791 355 2845 opis,
375 2796 405 2831 est
415 2791 464 2831 Dei:
484 2787 593 2846 ὗποργεῖν,
611 2793 715 2842 athanaco,
735 2798 764 2832 cst
779 2793 919 2846 apostolorum:

149 2848 298 2901 σονυποργεῖν,
312 2848 452 2898 εοόοιιῇνιοονο,
468 2846 616 2886 Corinthiorum.
627 2868 658 2893 ,—
672 2847 716 2900 nal)
730 2848 786 2887 etiarn
799 2848 866 2898 vobis,
880 2863 920 2888 non

148 2902 205 2943 modo
215 2903 264 2942 aliis.
273 2926 301 2931 —-
314 2901 335 2955 ⁷³)
345 2899 368 2943 ἐκ
380 2902 461 2942 πολλῶν
469 2897 595 2957 προσώπων,
610 2915 634 2941 ea
643 2903 706 2943 inultis
714 2903 838 2957 respectibus)
851 2905 920 2959 πρόσ-

174 3080 196 3124 t)
209 3076 234 3128 τῇ
246 3076 304 3125 δεήσει
318 3103 339 3110 -
352 3076 473 3126 alacritati,
486 3077 611 3123 supplicatione
624 3098 647 3104 —
658 3080 758 3123 gratiarum
770 3081 815 3126 actio
822 3081 920 3127 fundatur]

210 3130 244 3173 Qui
255 3129 512 3171 Sanctorum‘communionem
524 3127 571 3172 colit,
583 3138 655 3175 precum
667 3130 683 3165 is
696 3130 823 3177 opportunitate
830 3132 920 3178 nunquam
