1922 3513
127 211 166 244 me
419 203 611 248 mmmm

129 314 173 340 mur
186 302 305 353 reqeuerari.
332 301 424 349 Nihilum,
438 301 466 340 nil
480 305 576 353 operatur.
604 298 681 339 Posteri
693 297 767 346 fideles,
780 309 819 335 non
833 295 899 337 solum

130 351 898 405 mmmmmmmmfflmmm—fflm

129 422 199 449 norum
212 424 293 462 operum
307 425 362 464 ayo,-
380 416 402 451 ut
413 415 484 462 postea
498 410 574 449 demum
589 410 628 449 illis
641 409 801 448 incumberemus.
828 406 861 445 Ex
875 418 899 445 ca

98 482 101 486 ¹
129 465 205 504 ratione
218 465 293 505 Paulus
308 480 368 518 opera
381 466 431 518 legis
444 478 545 517 nunquam
558 466 609 504 hono
625 463 716 517 appellat.
730 485 758 491 -
774 462 812 510 οἷς)
829 461 858 507 οἷς
871 483 899 490 —-

128 538 158 552 ¹-—
172 520 193 560 ἕν
209 517 288 568 αὐτοῖς,
302 528 346 562 nn:
357 528 404 562 *tutu
417 533 462 572 pru,
478 520 500 560 ἐν
515 520 554 568 οἷς,
568 520 589 558 iu
603 519 675 571 quihus.
689 540 716 546 -
734 514 898 572 προητοίμασεν)

134 569 164 615 Tri
183 571 225 629 nori
243 579 303 613 totam
321 587 362 612 rem
379 574 423 613 Deo
441 573 514 612 tribuit.
545 573 635 612 Verbum
655 570 767 624 circinante
784 570 899 610 neutraliter

130 628 214 680 ponitur,
224 642 295 679 magna
304 629 334 666 vi:
348 628 416 675 LXX,
425 635 437 671 2
447 627 517 667 Ghron.
527 632 544 675 1,
552 630 577 676 h,
591 626 624 668 ’ότι
638 624 749 679 ἡτοίμασεν
763 623 817 680 αὐτῇ
832 624 898 665 dauid.

132 682 166 722 Sic
180 681 220 728 dise
234 678 347 733 ένοιμοῖοαι
360 680 425 735 αὐτῷ,
439 682 487 720 Luc.
502 687 520 730 9,
535 685 567 724 52.
587 683 641 721 Deus
655 682 683 720 ita
698 682 822 733 conmarcuit.
838 678 898 734 [Gia-

131 738 160 776 tia
175 737 238 786 itaque
257 750 299 774 curn
317 737 378 773 salute
396 737 489 774 antecedit
502 749 567 786 opera.
586 735 612 775 V.
626 735 653 790 ga]
672 760 698 766 -
717 730 898 789 περιπατήσωμεν,

130 789 280 843 ambularemus)
293 802 338 836 non,
353 792 480 837 satu-arentur,
493 795 531 837 aut,
546 791 657 829 viveremus.

163 893 164 896 Ἴ
183 857 203 883 v.
218 849 250 886 tl.
264 839 409 895 praesititis,
423 844 561 896 recordamini)
576 843 630 883 Talis
645 842 755 882 recordatio
769 847 845 894 gratum
860 841 899 880 ani-

129 899 182 938 mum
196 898 253 947 acuit,
268 902 287 936 et
300 897 359 936 fidem
371 897 456 937 roborat.
470 912 489 937 v.
506 904 537 941 19.
552 921 579 928 -
593 896 620 937 ια’
633 895 696 947 ἔθνη)
711 902 769 937 mun
783 901 858 948 gentes.
872 917 899 924 -

129 953 151 994 ἰν
166 952 236 1004 ononi,
250 953 271 991 in
285 950 351 1004 carne)
365 952 410 991 Hoc
419 952 541 992 considerate
550 952 624 991 Paulus
635 951 702 1003 jungit
714 963 757 989 cum
769 958 840 1002 pentes.
854 964 899 990 nam

130 1007 204 1047 Judaei
218 1011 287 1058 gentes
305 1005 418 1059 simpliciter
433 1006 524 1047 dicebant
536 1008 669 1059 praeputium,
687 1018 727 1045 non
739 1005 866 1057 praeputium
879 1006 900 1045 in

130 1075 237 1102 carue-
251 1064 270 1102 οἱ
284 1057 390 1113 λεγόμενοι
405 1058 535 1115 deceptor-ia,
554 1063 599 1101 dicti
613 1059 748 1113 praeputium)
766 1073 838 1111 magna
856 1074 900 1100 cum

130 1122 197 1156 vestra
210 1115 323 1168 ignominia.
338 1117 384 1155 dicti
398 1121 417 1155 et
431 1117 482 1156 dicta
495 1116 573 1165 indicat,
587 1117 637 1155 haee
646 1115 742 1155 vocabula
754 1115 796 1166 jam
810 1127 852 1154 esse
867 1128 900 1154 an-

130 1173 217 1223 tiquata,
231 1170 309 1209 sublato
328 1169 444 1209 discrimine.
458 1193 486 1198 -—
500 1171 619 1224 λεγομένης,
638 1170 698 1223 dicta)
712 1169 756 1208 Hoc
771 1174 841 1209 constr.
857 1183 900 1209 cum

131 1226 273 1266 circumcisione
290 1237 379 1264 seorsum
393 1225 417 1264 ab
432 1225 528 1277 epitheto,
542 1226 563 1265 in
577 1239 644 1273 carme,
663 1239 723 1264 rnanu
731 1227 796 1273 facta.
823 1224 850 1263 Et
863 1225 899 1263 cir-

131 1281 219 1320 crerricisic
234 1279 304 1318 dicitur
317 1279 338 1317 in
352 1284 450 1328 concreto,
464 1293 500 1332 pro
512 1280 585 1332 populo
598 1279 719 1319 circumciso:
733 1279 754 1318 in
768 1292 827 1318 earne
840 1292 900 1318 manu

59 1330 64 1334 ‘¹
125 1339 192 1386 factu,
206 1335 227 1373 in
241 1334 345 1373 abstracto.

186 1402 206 1427 v.
222 1393 253 1431 12.
268 1386 313 1436 ὅτι,
328 1388 387 1442 quod)
405 1388 458 1427 Hinc
476 1388 549 1440 pendet
567 1389 625 1427 erum
641 1393 660 1426 et
668 1388 723 1437 facti
737 1387 786 1426 estis.
805 1388 900 1438 repetitur

132 1448 198 1483 autem
211 1442 308 1495 particula
322 1456 347 1481 ex
360 1457 379 1481 v.
397 1448 428 1485 11.
444 1466 470 1473 -
483 1442 555 1497 χωμλς,
575 1443 624 1496 sine)
639 1442 764 1490 Antitheton,
783 1443 803 1480 in
818 1441 899 1483 Christo.

130 1513 150 1537 v.
167 1504 198 1541 15.
228 1497 278 1537 Sunt
295 1497 334 1535 tria
352 1497 417 1548 capita
436 1497 535 1536 miseriae:
555 1498 605 1545 sine,
625 1503 643 1536 et
657 1497 738 1547 hospites
752 1521 789 1544 -,
808 1503 826 1535 et
838 1499 900 1537 athei:

132 1552 191 1592 eratis
205 1552 247 1591 sine
262 1551 400 1598 Christusne
415 1551 489 1603 Spiritu
503 1556 575 1599 sancto,
590 1551 630 1590 sine
640 1551 689 1589 Deo.
705 1549 753 1590 conf.
768 1564 787 1589 v.
800 1556 832 1594 18.
848 1556 866 1590 et
880 1556 902 1591 v.'

131 1619 187 1658 seqq.
203 1619 218 1644 e.
233 1612 251 1653 5,
266 1611 285 1648 o.
301 1607 319 1652 h,
328 1608 347 1648 h.
357 1610 427 1645 enon.
442 1628 469 1634 -
482 1604 545 1660 χωρὶς
558 1605 627 1658 pergi,
642 1606 682 1645 sine
697 1603 816 1656 <themistii
829 1607 901 1657 probat

132 1664 226 1700 commate
236 1660 331 1711 sequenti,
346 1660 455 1700 abalienati.
470 1671 534 1710 neque
543 1659 595 1708 dicit,
608 1660 671 1699 alieni.
680 1659 728 1699 conf.
738 1663 777 1698 not
787 1660 812 1699 ad
821 1663 860 1708 eh,
869 1666 900 1705 18.

132 1742 159 1749 -
172 1715 210 1765 τῆς
223 1713 328 1759 πολιτείας
342 1713 368 1753 rei
382 1711 466 1768 ἰσμαηλ,
478 1714 548 1765 politia
562 1713 635 1767 Israel]
649 1714 700 1753 Tota
714 1713 826 1764 respublica
837 1714 901 1754 Israe-

130 1772 156 1810 lis
170 1768 273 1821 spectabat
288 1767 389 1807 Christum.
403 1791 431 1796 —
445 1769 481 1808 noi
495 1769 557 1815 ξένοι,
572 1774 590 1806 et
602 1769 693 1822 hospites)
707 1773 804 1819 expertes.
818 1790 846 1797 —
859 1770 901 1810 τῶν

133 1821 243 1873 διαθηκῶν
252 1823 290 1871 τῆς
304 1821 433 1875 ἐπαγγελίας,
449 1828 601 1861 testamentorum
611 1822 753 1873 promissionis)
763 1822 817 1862 Deus
829 1825 901 1876 prorni-

132 1883 189 1926 serat,
204 1877 353 1928 praesuppositc
363 1876 452 1915 nimiruum
463 1875 512 1915 dono
521 1875 597 1925 Christi,
606 1877 690 1916 maxime
699 1877 792 1928 Spiritum
803 1885 900 1918 sanctum:

133 1949 149 1973 c.
165 1938 183 1980 1,
198 1937 229 1973 15.
249 1929 293 1969 Gal.
308 1937 326 1978 5,
341 1933 373 1973 th.
387 1935 427 1970 not.
446 1930 494 1970 Luc.
511 1933 542 1979 21,
557 1932 590 1973 19.
608 1931 653 1970 Act.
671 1938 688 1974 2.
709 1932 765 1983 eique
778 1934 901 1983 promissioni

131 1985 261 2027 inservierant
274 1991 390 2024 testamenta.
404 1985 461 2024 Rom.
477 1990 495 2033 9,
506 1987 526 2028 h.
553 1984 598 2023 Hoc
612 1998 686 2026 comma
700 1986 793 2038 probatur
807 1993 901 2027 commate

133 2040 228 2094 sequenti,
240 2053 292 2090 spem
306 2051 345 2078 uon
358 2041 456 2079 hahentes:
470 2052 515 2078 nam
529 2039 545 2078 si
558 2040 706 2092 promissionem
715 2040 834 2090 habuissent,
846 2055 901 2095 spem

132 2095 248 2136 habuissent
261 2093 290 2131 illi
303 2095 458 2144 respondentem.
474 2098 494 2132 at
508 2107 563 2145 spem
576 2107 616 2133 non
627 2095 741 2134 habuerant.
757 2108 804 2147 ergo
819 2109 843 2135 ne
858 2111 901 2149 pro-

132 2151 245 2190 missionem
255 2147 338 2198 quidem.
347 2172 373 2177 -
383 2143 453 2197 citior,
465 2148 524 2200 athei)
538 2148 581 2186 Non
592 2154 705 2199 statuerant,
718 2149 783 2189 nullos
792 2163 834 2190 esse
843 2151 899 2202 deos3

131 2219 178 2245 nam
191 2203 225 2241 vel
231 2202 315 2240 Dianam
330 2206 348 2240 et
356 2200 426 2241 Jovem
437 2201 545 2241 habebant:
559 2202 604 2241 Act.
613 2208 644 2249 19,
655 2209 697 2247 55.;
712 2204 748 2243 sed
761 2218 829 2244 verum
836 2206 902 2246 Deum

132 2257 260 2312 ignorabant5
275 2260 350 2294 tantum
366 2256 443 2305 aberat,
457 2260 479 2295 ut
491 2254 592 2294 haberent.
611 2257 700 2299 1Thess.
715 2262 733 2307 h,
748 2262 767 2301 5.
795 2259 852 2299 Prius
868 2261 900 2308 ait,

126 2316 196 2365 fluistis
213 2318 270 2351 caetra
289 2310 396 2350 Christum:
414 2315 482 2362 postea
500 2308 567 2358 infert,
587 2312 645 2351 eratis
663 2314 703 2351 siue
717 2315 765 2352 Deo.
785 2336 812 2343 ·-
830 2314 852 2354 ἐν
871 2316 901 2355 rai

131 2366 210 2421 κόσμῳ,
225 2366 245 2404 in
259 2364 338 2417 mrerrdo)
353 2364 427 2403 Paulus
442 2365 479 2403 hoc
492 2376 575 2415 quoque,
591 2366 643 2415 quod
656 2366 727 2405 fuerint
740 2367 780 2406 sine
794 2369 842 2417 Deo,
857 2357 901 2421 pro-

131 2424 177 2471 bat3
193 2426 212 2460 et
225 2419 297 2472 probat
311 2432 337 2458 ex
351 2432 379 2467 ec,
394 2419 440 2470 quia
455 2418 537 2458 errarint
550 2418 570 2456 in
581 2421 658 2469 mundo,
674 2422 738 2473 amplo
752 2421 900 2476 (20or.1,12.)

133 2482 152 2516 et
165 2488 222 2524 vano,
238 2474 294 2527 (Luc.
308 2479 340 2521 12,
354 2479 387 2516 30.
401 2471 567 2524 Joh.1,10.fin.)
582 2475 688 2515 servientes
703 2475 800 2524 creatmis,
815 2476 900 2517 fruentes

133 2529 222 2578 caducis,
237 2531 292 2580 louqe
305 2528 380 2566 remoti.

186 2598 205 2624 v.
220 2588 252 2626 15.
266 2578 361 2635 μανροῖν)
371 2584 447 2633 procul,
463 2595 474 2620 a
487 2583 560 2635 populo
573 2583 612 2622 Dei
627 2588 646 2623 et
660 2596 672 2622 a
685 2583 734 2623 Dec.
748 2597 767 2623 r.
783 2589 901 2628 111101.ἢ

132 2644 214 2691 αἵματι,
229 2635 331 2689 sanqzeine)
347 2650 362 2674 c¹
379 2642 396 2683 1,
410 2641 428 2678 7.
691 2634 706 2673 1

186 2706 205 2731 v.
221 2695 253 2736 11.
269 2685 343 2737 αὐτος)
357 2690 408 2741 Ipse.
431 2690 541 2743 Emphasis
556 2714 584 2720 -
598 2686 611 2740 ἦ
625 2686 706 2746 εἰρήνη)
716 2705 772 2743 pax,
790 2705 828 2732 non
842 2694 900 2735 modo

128 2748 249 2801 pacificator.
269 2758 315 2784 nam
333 2744 364 2783 sui
376 2744 464 2795 impensa
479 2758 548 2796 pacem
564 2746 651 2798 peperit,
670 2746 744 2798 etipse
758 2747 857 2787 vinculum
872 2754 901 2789 est

131 2809 261 2854 utrorumque.
269 2823 295 2830 -
310 2795 333 2850 ὁ)
346 2798 461 2850 Appositicr
474 2801 534 2849 Pau,-
547 2800 564 2839 is
578 2801 612 2852 (μα’
618 2799 712 2850 feeitetc.
727 2801 807 2854 insigne
821 2803 900 2852 dietum,

130 2871 150 2896 v.
162 2860 255 2903 11-18,
266 2855 309 2907 ipso
319 2854 422 2893 verborum
431 2858 497 2892 tenore
508 2859 527 2893 et
539 2856 594 2906 quasi
602 2855 693 2907 rhythmo
705 2857 800 2895 canticum
809 2857 900 2897 imitatur.

130 2910 255 2950 Describitur·
269 2926 282 2949 α
297 2908 407 2960 conjunctio
420 2908 507 2959 gentium
522 2922 564 2948 curn
578 2909 658 2959 lsi-aete,
672 2914 781 2959 v.1h.15.,
796 2917 816 2951 et
828 2912 901 2966 indept

132 2965 219 3017 gentium
230 2969 249 3004 et
257 2963 346 3012 Israelis,
360 2968 454 3015 tanquam
466 2962 522 3002 unius
528 2963 569 3014 jam
579 2964 671 3013 hominis,
682 2965 791 3017 conjunctio
800 2979 844 3006 cum
850 2967 900 3016 Deo,

131 3033 151 3058 v.
160 3024 192 3063 15.
203 3019 254 3058 med.
264 3038 292 3046 -
303 3032 322 3057 v.
332 3024 363 3063 18.
379 3017 469 3069 Utraque
480 3018 584 3069 descriptio
594 3018 725 3059 subdividitur
736 3020 756 3059 in
770 3021 819 3061 duas
828 3026 900 3072 partes,

132 3074 160 3114 ita
173 3079 195 3114 ut
208 3073 262 3128 prior
273 3073 343 3127 priori,
352 3127 354 3129 v
363 3072 388 3113 de
401 3072 500 3113 inimicitia
513 3074 600 3122 sublata,-
617 3074 679 3115 altera
698 3074 763 3125 alteri,
783 3075 808 3115 de
821 3076 900 3116 decretis
