1922 3513
333 231 401 273 tuom
412 233 442 280 IV,
455 237 527 276 9-16'-
782 238 816 273 193

102 338 121 364 v.
129 332 147 369 9.
164 324 296 378 διωκόμενοι,
307 333 457 382 persecutionem
466 331 565 386 petimur)
578 331 628 369 Plus
643 333 672 368 est
686 324 818 384 παταβαλλὸ-
856 337 861 346 ’

47 392 116 432 μενοι,
131 382 206 430 dejecti,
220 382 253 420 ubi
268 383 315 434 fuga
327 398 366 425 non
380 392 440 437 patet.
558 429 560 431 ,

53 441 56 444 ’
102 446 121 472 V·
131 440 163 477 10.
177 430 276 488 uolutare)
292 437 323 477 Ab
337 440 373 478 hoo
388 440 452 479 differt
465 436 506 488 αέἲ,
519 453 539 478 v.
552 451 593 490 seq.
609 434 708 483 πιίιτοτε,
722 441 759 474 toto
773 442 817 475 tem-

44 500 106 539 pore:
122 484 161 536 risi,
176 488 272 539 quibusvis
286 495 404 543 temporibus.
421 493 469 533 conf.
484 491 527 541 οἷεῖ,
542 493 605 531 Maro.
615 495 674 539 15,3·
704 488 818 540 congruunt

47 540 114 589 verbe,
130 543 402 596 circumferentes,trudiumr,
417 561 476 588 versu
487 547 524 586 hoc
538 552 558 586 et
570 552 602 591 11-
616 567 644 572 -
658 540 697 594 vir
711 543 818 596 νέκρωσιν,

47 597 217 651 πισνὶῃῖιαίὶωιιπι)
233 598 289 639 Haeo
304 607 333 640 est
346 603 402 654 quasi
416 609 480 643 aetus:
500 603 549 651 ritu,
568 600 653 641 habitus.
667 621 696 627 -
709 596 736 638 rt
750 596 818 650 nupia,

47 651 136 706 Domini)
154 651 281 702 Hoc‘uomen
294 656 448 697 subandiendum
465 662 495 695 ter
511 669 572 696 versu
585 656 624 694 hoo
638 659 658 693 et
672 665 714 703 seq.
727 651 748 704 1)
768 664 818 690 eom-

47 704 104 743 mode
116 710 181 745 autem
193 707 255 757 primo
269 709 305 748 hoo
315 711 442 763 iocomitigat
452 711 571 750 mentionem
579 707 736 761 mortificationis.
749 760 751 762 Ι
764 707 818 744 Mor-

47 759 123 811 tisioutio
131 761 212 801 Domiui
225 762 300 811 dicium,
317 770 336 804 et
346 765 442 816 genitivus
456 765 519 804 innuit
528 764 688 811 commrmionem,
703 761 733 800 uti
747 765 818 808 615.

47 835 75 841 —
88 813 149 863 ἰησέ,
167 815 223 869 Jesu)
239 817 320 869 Saepius
334 819 354 857 in
367 821 405 858 hoe
418 824 458 858 toto
471 820 515 858 loco
529 819 604 859 Paulus
618 818 656 856 hoo
669 829 740 855 nomen
755 814 819 854 solum

46 867 106 919 ponit,
121 881 139 906 V·
148 873 173 916 5.,
188 883 246 920 quam
261 873 308 911 alias
323 873 377 912 solet.
393 874 459 924 itaque
473 873 505 912 hic
519 873 645 924 singulariter
659 870 720 909 sensit
731 868 818 908 dulcedi·

46 934 91 960 nem
110 921 157 972 ejus.
171 944 199 951 -
213 925 369 980 περιφέροντες,
389 928 550 977 circuuffereutes]
570 927 590 965 in
604 926 667 965 terris.
681 946 710 952 —
724 927 758 964 ἵνα
773 923 817 971 uui,

46 982 68 1014 ut
80 976 145 1039 etiope)
159 976 301 1019 lucrementum
315 982 372 1020 sumit
387 982 501 1020 consorano.
526 981 593 1030 Modo,
610 984 684 1032 quater,
700 981 739 1018 seoi.
753 999 781 1005 -
795 972 818 1016 ir

46 1030 79 1082 uqi
91 1044 174 1078 σωματι
188 1027 246 1081 ἡμῶν
261 1036 385 1092 φανερωθῇ,
404 1036 425 1075 iu
439 1049 518 1086 corpore
537 1042 602 1075 nostro
615 1032 756 1085 mour'fhstetur)
776 1044 817 1070 rriu-

46 1085 146 1134 uifestetur
159 1085 180 1124 iu
193 1093 269 1126 rrrortuo
283 1102 341 1128 curae
355 1096 426 1129 mostra.
442 1103 461 1129 v.
474 1103 514 1141 seq.
542 1090 617 1129 Altero¹
628 1090 673 1128 loco
688 1100 769 1135 nomen,
790 1085 817 1124 ai-

46 1144 88 1177 tero
104 1139 190 1189 verbum,
206 1143 319 1194 emphaseos
334 1156 392 1183 causa
403 1145 535 1197 praeponitur.
551 1149 651 1186 versuto.
667 1146 767 1195 spectatur
775 1140 818 1192 glo·

46 1193 136 1232 rificatio:
157 1208 176 1233 v·
185 1201 204 1238 9.
219 1198 338 1237 conservatio
356 1199 376 1237 in
389 1199 426 1238 hac
440 1200 491 1246 vita,
512 1203 531 1237 et
549 1197 686 1238 corroboratio.
706 1202 771 1235 rostro
785 1195 817 1234 hic

46 1247 110 1300 potius
125 1248 189 1299 addit,
204 1264 262 1302 quam
276 1253 353 1291 ineunte
367 1266 433 1292 versu.
450 1266 520 1304 corpus
536 1258 565 1292 est
578 1257 677 1299 nostrum,
690 1263 730 1288 non
744 1255 785 1288 tam
798 1249 818 1287 in

46 1307 113 1351 morte,
129 1316 188 1355 quam
200 1305 220 1344 in
233 1306 280 1346 vita.
296 1307 427 1356 manifestetur
442 1308 551 1359 explicatur
565 1308 665 1349 versutis.
676 1310 707 1348 17.
717 1318 732 1344 s.
757 1316 758 1319 ’
797 1325 798 1328 “

53 1371 55 1374 ·
100 1363 159 1400 Mi·
175 1361 194 1400 oi
209 1359 292 1409 ζῶντες,
309 1361 400 1414 uiuentes)
416 1361 535 1413 Oxymoron.
557 1361 714 1406 commeares,
731 1362 818 1406 σ.5,15.

46 1411 130 1450 Miratur
148 1424 169 1451 se
183 1415 241 1452 tantis
255 1415 360 1462 mortibus,
380 1416 412 1454 vei
432 1417 491 1455 etiam
505 1415 548 1454 aliis
563 1414 588 1454 ob
602 1413 733 1453 testimonium
746 1412 819 1451 Christi

44 1466 85 1518 jam
98 1465 209 1517 interfectis,
224 1483 243 1507 v.
253 1483 282 1520 gr.
293 1469 398 1521 Stephane,
412 1469 495 1518 Jacoho,
510 1470 640 1522 superstitem.
669 1467 777 1515 antitheta,
791 1467 819 1506 ui-

46 1526 114 1569 nentes,
128 1527 216 1562 mortem:
231 1524 276 1573 ritu,
290 1531 371 1564 mortum
384 1547 412 1553 —-
426 1519 597 1576 παραδιδόμεθα,
614 1522 719 1576 trudimur)
733 1521 818 1573 Elegan-

46 1580 76 1613 ter
91 1580 110 1613 et
123 1575 210 1616 modeste
225 1577 309 1617 abstinet
322 1579 420 1617 mentione
435 1580 482 1630 ejus,
498 1578 532 1629 qui
546 1578 610 1617 trudit.
638 1577 766 1616 Extrinsecus
780 1581 818 1614 tra-

48 1628 94 1667 ditio
108 1628 172 1668 videri
185 1637 251 1682 posset
263 1638 336 1672 temore
350 1632 397 1671 ficri.

100 1697 119 1722 V·
129 1689 161 1727 ta.
175 1681 279 1736 θάνατος,
293 1686 354 1740 mors)
368 1685 459 1738 corporis.
476 1684 520 1740 [per
533 1683 673 1735 corruptiorem
686 1683 768 1723 hortinis
782 1696 816 1722 eu-

47 1738 105 1786 term',
121 1737 151 1777 Vs
160 1739 187 1795 g.]
202 1762 229 1769 —
244 1739 297 1790 ζωή,
312 1742 361 1794 ritu)
376 1741 460 1793 spiritus.
713 1782 715 1788 ,

99 1806 119 1830 V·
128 1798 160 1835 15.
175 1790 200 1834 eri
219 1791 279 1848 uitri)
297 1798 386 1844 eurrdem,
406 1807 463 1846 quem
482 1797 507 1843 [et
521 1792 607 1832 Derides
621 1792 687 1831 hebuit
704 1798 722 1831 et
735 1791 815 1846 iubetis]

46 1857 87 1883 VOS·
104 1847 152 1885 ⁰011f-
168 1861 185 1886 V·
195 1850 226 1891 rt
241 1871 269 1878 —
282 1847 345 1898 rard,
360 1848 469 1898 secuudum)
484 1848 528 1886 Hoc
538 1846 655 1885 construitur
667 1859 711 1885 carm
722 1847 817 1884 credimus

47 1904 66 1937 et
85 1901 185 1951 loquimur.
200 1925 228 1931 —
241 1901 351 1951 ε’πίςευσα,
372 1900 405 1943 aro*
423 1900 522 1953 ἐλάλησα)
543 1900 575 1939 Sic
588 1899 664 1946 LXX.
682 1899 772 1946 Pstis,
784 1904 816 1941 10.
857 1908 861 1913 ”

46 1952 107 1991 Hebr.
122 1953 228 2003 ἐπίςευσα,
244 1954 277 1996 ὅτι
291 1951 379 2003 λαλήσω.
407 1955 476 1993 Altero
486 1968 544 1994 sensu
556 1954 606 1992 alter
615 1953 727 1992 includitur.
755 1953 816 1992 Fides

45 2012 92 2044 nata
106 2019 151 2045 mox
165 2008 261 2059 loquitur:
281 2014 300 2046 et
314 2022 339 2046 cx
352 2009 431 2059 loquela
448 2021 469 2047 se
487 2009 550 2047 nosoit
565 2012 585 2046 et
599 2012 664 2059 anget.
679 2029 707 2035 -
720 2009 817 2059 λαλῦμεν,

46 2061 150 2112 loquimur)
164 2061 205 2100 sine
219 2067 282 2110 metu,
296 2062 316 2100 in
330 2063 395 2101 media
410 2062 512 2102 afflictione
527 2067 546 2101 et
559 2066 622 2100 morte
636 2076 655 2100 v.
664 2066 696 2105 17.

99 2128 118 2152 ν,
127 2117 158 2157 ilt-
173 2110 255 2164 εἰδότες,
265 2116 396 2169 seientes)fioie
405 2130 483 2169 magna.
500 2131 515 2156 c.
524 2121 542 2166 5,
551 2122 571 2159 t.
580 2138 607 2143 —
617 2110 745 2170 παραςήσει)
756 2128 817 2167 prue-

45 2173 105 2207 seates
118 2168 175 2207 siuet
202 2169 246 2208 Hoc
260 2170 342 2209 verbum
357 2177 386 2210 est
399 2171 460 2211 instar
474 2172 626 2224 hypotyposeos.
655 2216 658 2218 ,

99 2227 158 2265 v-15.
173 2219 222 2277 peip,
237 2224 294 2277 euim)
303 2224 373 2274 Causa,
387 2229 421 2265 cur
430 2226 489 2266 modo
502 2227 578 2274 dixerit,
589 2227 689 2265 'uobiscrma
699 2247 727 2252 -—
737 2220 816 2273 aditu,

45 2276 119 2330 omniu)
134 2277 223 2325 adversa,
239 2279 330 2319 secunda.
345 2302 372 2308 -
387 2276 399 2330 ἡ
413 2277 487 2336 χάρις,
501 2280 576 2334 pretia)
591 2293 641 2332 quae
655 2284 781 2327 nosservat,
798 2283 817 2316 et

45 2343 80 2369 vos
94 2331 114 2369 in
127 2332 169 2371 vita
179 2332 283 2373 confirmat.
298 2357 325 2363 -
341 2332 486 2377 πλεονάσασα·
501 2332 638 2390 περισσεύσῃ)
654 2329 768 2378 marradio
783 2332 817 2371 ha·

45 2384 79 2423 bet
93 2385 132 2424 rim
144 2387 239 2438 positivi3-
248 2387 371 2443 impanatio),
387 2389 518 2440 comparativi.
533 2389 590 2427 Rom.
598 2393 616 2436 5,
626 2394 658 2431 20.
686 2387 756 2438 Itaque
772 2400 816 2425 cum

45 2440 174 2499 περισσεύσῃ
189 2443 339 2482 construendam
353 2438 396 2484 tici.
424 2442 495 2483 Ilie'ov
508 2442 561 2482 idem
576 2442 629 2494 quod
642 2441 718 2496 πλῆρες
732 2454 772 2479 non
786 2447 816 2480 est

46 2496 196 2546 comparativus.
210 2520 238 2527 -
252 2493 297 2550 διιῖ)
308 2505 390 2550 propter
405 2497 532 2549 complurium
543 2498 653 2549 ‘gratiarum
664 2496 764 2545 actionem,
779 2509 816 2547 pro

45 2547 80 2586 illa
97 2551 166 2599 gratia.
195 2550 307 2591 Gratiarum
325 2554 374 2591 aetio
392 2551 602 2607 gratiamnberiorem
615 2552 690 2590 invitat.
709 2550 742 2589 Ps.
753 2556 784 2597 18,
796 2553 815 2594 [1.

46 2605 119 2650 51125.
135 2604 376 2654 remorationis.
391 2627 418 2633 -
432 2603 567 2660 εὑχαριςῖαι,
586 2607 696 2659 pretiorum
715 2605 815 2656 actionem)
868 2636 870 2641 .

45 2662 130 2696 nostram
144 2665 274 2713 vestramque.
291 2675 306 2700 c.
316 2667 333 2709 1,
342 2667 361 2704 5,
369 2675 384 2700 s.
400 2682 428 2689 -
440 2657 578 2718 περισσεύσῃ)
590 2660 720 2701 uburtduutius
732 2660 816 2710 obtiuput

45 2710 101 2750 nohis
116 2718 136 2751 et
149 2713 216 2762 vobis,
230 2716 300 2754 iterum
315 2715 341 2754 ad
354 2715 437 2767 gloriam
449 2714 494 2752 Dei.
565 2763 568 2765 -
591 2754 593 2757 ,

98 2780 118 2805 V·
127 2772 159 2810 16.
175 2764 209 2809 tro*
222 2766 248 2808 riu
263 2769 385 2819 ἰκκακεῖμεν,
397 2774 504 2821 propterea
517 2782 556 2808 rou
566 2765 701 2821 sequescimus)
715 2780 734 2804 v.
745 2771 763 2808 t.
774 2772 814 2807 not.

45 2837 72 2845 -
86 2815 97 2861 ὁ
111 2817 161 2870 ἔξω,
180 2823 273 2876 euterior)
291 2836 371 2874 corpus,
391 2837 442 2863 caro.
456 2844 484 2851 —
499 2824 656 2875 discursiones,
676 2822 814 2874 corrumpitur)

45 2877 81 2921 p'er
98 2876 223 2930 afflictionem.
241 2900 269 2905 —-
287 2874 442 2927 dansatrices,
460 2876 574 2927 renouatur)
592 2888 627 2928 per
644 2888 705 2926 spem.
726 2888 745 2914 v.
759 2887 814 2927 seqq.

45 2925 100 2982 Haec
115 2931 190 2970 novitas
205 2943 261 2969 omne
275 2931 341 2970 uitium
354 2931 430 2973 uariat
445 2936 504 2971 arcet.
739 2938 743 2945 ’

69 3096 90 3188 ζ)
104 3099 153 3190 1Cirris.
165 3108 200 3140 aot.
211 3112 267 3147 uturp.
280 3100 304 3137 od
316 3113 333 3137 v.
343 3106 360 3142 6.
384 3102 405 3138 E.
416 3102 437 3137 B.
