1922 3513
257 233 479 275 roca.xr‚55-ss.
503 233 613 280 uur‚r.2.
784 235 819 273 177

52 336 70 376 2,
85 329 117 370 14.
132 327 178 378 quia
191 327 221 369 illi
232 327 293 379 prius,
308 340 371 379 quam
379 327 442 375 morti,
453 326 533 368 uictoria
547 327 633 379 eripitur.
648 340 667 368 u.
676 332 708 369 26.
717 327 820 377 wirae)

51 381 119 428 LXX,
134 381 191 430 diua,
206 395 231 421 an
245 382 305 431 vlam
318 382 392 422 Paulus
406 381 463 426 νῖκος
475 381 533 422 iterat
547 382 644 429 suaviter,
662 381 705 420 coll.
720 395 739 420 v.
753 393 819 432 praec.

51 435 130 477 Raritas
144 434 200 474 verbi
213 441 322 487 opportuna
336 436 361 478 ad
375 434 477 487 epiaibiaa,
508 440 510 443 ’
534 470 537 474 ,
855 481 857 483 v

104 503 124 528 v·
139 493 171 532 56.
187 488 201 540 ἦ
215 488 315 543 ἁμαρτία,
326 487 435 543 peccatum)
451 488 473 528 si
487 495 589 542 peecatum
602 502 641 528 non
656 492 713 536 esset,
727 500 779 526 mors
792 488 821 526 nil

51 548 122 599 posset.
140 543 189 582 conf.
202 544 251 583 Hos.
266 558 308 597 cap.
324 547 355 584 cit.
371 559 389 584 v.
400 551 431 587 42,
460 543 532 598 Contra
546 546 599 584 hunc
613 545 700 583 aculeum
713 555 770 581 nemo
786 555 821 581 sua

51 601 71 640 vi
84 603 177 649 potuerat·
188 600 289 639 calcitrare
293 614 300 645 ,·
313 613 370 639 nemo
384 598 434 638 illud
447 599 480 638 abi
494 605 578 639 cantare.
593 597 630 637 hoc
642 597 704 637 innuit
717 611 763 636 vero
777 610 821 648 par-

51 653 116 694 ticula.
129 648 183 698 -c‘
195 648 270 705 νόμος,
287 654 327 707 lea)
346 667 383 707 pro
401 657 483 706 peceato
498 658 579 692 mortem
593 653 696 692 intentans.
720 652 762 691 sine
776 651 822 703 lege

51 712 153 763 peccatum
163 720 202 746 non
216 709 307 747 sentitur:
321 711 358 749 sub
372 709 428 760 lege,
443 712 545 760 peccatum
560 708 670 747 dominatur
684 707 741 746 Rom.
756 712 774 753 6,
790 709 822 749 lli.

105 775 124 800 V·
136 767 169 805 57.
183 763 212 815 τῷ
227 762 248 803 δὲ
263 763 307 816 θεῷ
321 760 394 818 χάρις,
413 765 457 802 Deo
471 769 535 802 autera
550 762 624 815 qratia)
642 762 728 802 Nostrae
744 761 786 813 opis
800 760 824 799 id

52 831 90 858 non
102 816 172 855 fuerat.
186 837 213 844 -
229 816 259 865 δὲ)
274 824 341 858 autem.
356 818 434 858 tametsi
449 823 468 857 et
482 817 525 866 lex,
541 824 560 856 et
573 822 686 869 peccatum,
701 822 720 855 et
734 828 787 855 mors
803 820 823 854 et

52 872 137 912 infernus
150 883 185 909 nos
200 878 342 922 oppugnarunt,
356 879 421 912 tamen
435 871 523 911 vicimus.
551 872 608 911 Haec
623 877 652 911 est
666 871 771 920 sententia,
786 869 827 908 sed·

53 925 128 974 accedit
145 923 214 964 modus
233 925 274 965 sive
292 922 358 976 ἦθος,
374 928 441 979 aratia
454 928 504 966 Deo.
522 948 550 954 -
568 926 598 980 τῷ
617 920 709 975 διδόντι,
727 926 761 977 qai
778 924 822 978 aar)

52 982 158 1028 Praesens,
176 993 212 1031 pro
226 984 278 1019 statu
294 981 418 1020 credentium.
430 981 451 1034 a)
465 1003 492 1010 —-
507 978 532 1021 ro*
546 982 614 1030 νῖκος,
630 981 738 1033 arietariam)
756 979 827 1031 Repe-²

52 1036 99 1082 titio,
114 1035 231 1074 conveniens
241 1035 343 1086 triumpho.
358 1037 458 1075 victoriam
469 1036 582 1075 affectarent
590 1049 643 1075 mors
658 1041 677 1075 et
691 1034 783 1073 infernus
794 1058 822 1066 —-

52 1090 121 1145 χριςῦ,
141 1088 245 1140 Christum)
259 1091 280 1128 in
294 1090 349 1140 cujus
365 1090 413 1139 fide,
432 1092 469 1143 leat
482 1090 596 1139 morientes,
611 1089 671 1130 vitam
686 1089 772 1129 assecuti
785 1087 821 1128 fui-

52 1147 105 1196 mus
116 1157 135 1182 v.
150 1149 169 1185 5.
184 1157 240 1195 seqq.
447 1150 448 1154 ’
823 1162 825 1165 -

105 1211 125 1236 V·
141 1202 173 1241 58.
188 1198 221 1251 Ἠ)
237 1195 353 1251 α’γαττητοῖ,
367 1199 436 1251 dilecti)
453 1198 508 1238 Vera
525 1198 654 1238 consideratio
672 1196 829 1237 novissimorum.

53 1252 142 1291 accendit
155 1266 240 1291 amorem
254 1266 301 1303 erga
314 1252 389 1292 fratres.
398 1277 426 1282 —
434 1253 520 1307 ἑδραῖοι,
535 1253 619 1305 stabiles)
630 1265 655 1290 ue
668 1253 707 1304 ipsi
722 1251 823 1291 declinetis

53 1321 64 1345 a
77 1306 115 1345 fide
131 1307 283 1346 resurrectionis.
298 1328 326 1335 --
340 1303 489 1358 ἀμετακίνητοι
493 1339 500 1357 ,
514 1306 625 1359 barnabam)
639 1319 664 1344 ne
678 1320 714 1358 per
729 1306 776 1345 alios
790 1305 823 1345 de·

54 1361 156 1400 ducamini.
170 1367 232 1404 v.12.
254 1361 287 1400 Sic
301 1361 342 1400 Col.
351 1367 408 1409 ΜΞ.
423 1384 451 1390 —-
463 1361 485 1401 ἐν
500 1360 530 1414 τῷ
544 1358 599 1414 ἔργῳ
614 1361 639 1400 rr}
653 1361 721 1414 avale,
735 1362 756 1400 ia
767 1374 824 1411 opere

53 1416 140 1468 Domai)
156 1415 233 1468 Christi.
248 1415 298 1454 Phil.
308 1423 326 1465 2,
336 1422 367 1458 50.
396 1415 510 1455 Generatim
525 1416 596 1454 dicitur
610 1429 664 1465 optas,
679 1413 733 1466 quod
743 1415 825 1454 Domini

54 1483 112 1508 eausa
126 1470 206 1521 geritur.
228 1470 335 1522 Specialior
346 1470 480 1509 determinatio
493 1470 587 1520 pendete
600 1469 749 1508 circumstantiis
761 1470 823 1521 cujus·
851 1479 854 1481 ’

53 1524 82 1563 vis
96 1529 168 1564 textus.
182 1547 210 1552 —
224 1522 312 1574 εἰδότες,
330 1525 417 1578 ariarates)
433 1524 513 1563 eertum
523 1525 565 1575 jam
579 1524 640 1563 habet
654 1523 678 1562 de
693 1523 824 1563 assensuaeOo-

52 1576 172 1618 rinthio'rum.
186 1605 214 1611 —
226 1576 251 1619 ἐκ
266 1575 300 1625 iga
314 1576 379 1627 κενός,
393 1594 433 1618 raca
446 1585 474 1618 est
488 1579 560 1632 iaaais)
575 1579 587 1617 i.
603 1592 619 1617 e.
633 1578 717 1617 maxime
734 1579 823 1618 conduci-

53 1632 104 1671 bilis.
132 1635 214 1673 hzaaaa
228 1633 335 1680 faciebant,
352 1634 385 1685 qui
400 1634 561 1672 resurrectionem
574 1632 683 1684 negabant:
697 1634 733 1672 hos
747 1633 822 1672 Paulus

54 1687 111 1726 etiam
125 1688 146 1727 in
160 1688 281 1728 conclusione
296 1688 368 1727 refutat
381 1688 457 1727 leniter.

296 1826 471 1878 CAPUT
505 1826 572 1875 XVI.
631 1822 634 1826 ’

106 1934 126 1959 v.
142 1927 159 1964 1.
171 1921 259 1976 Acylac,
274 1920 380 1972 collatione)
394 1921 469 1972 Aptum
482 1920 536 1959 initio
550 1920 633 1959 uerbum
646 1920 754 1972 proprium,
768 1935 787 1960 v.
803 1929 822 1965 2.

52 1973 152 2014 terreant]
167 1975 238 2015 dieitur
251 1975 315 2018 2Cou
326 1981 344 2023 9,
359 1979 378 2017 5.
391 2000 417 2007 -
431 1976 458 2019 ric
472 1971 509 2020 za‘r
523 1971 590 2028 olyr'ec,
604 1976 625 2014 ia
639 1975 723 2027 satietas)
739 1975 772 2015 Sic
782 1990 821 2016 ma-

52 2028 95 2066 vult
109 2028 179 2078 dicore,
195 2043 253 2081 quam
263 2028 403 2081 paauperess'id
417 2028 464 2067 facit
478 2034 497 2067 et
512 2029 538 2067 ad
549 2029 673 2080 gravitatem,
689 2036 708 2069 et
723 2030 748 2069 ad
762 2030 824 2083 impe·

51 2082 147 2121 trandum.
159 2105 186 2111 -
200 2083 289 2131 διέταξα,
303 2083 396 2135 disposui)
412 2083 527 2122 auctoritate
537 2085 650 2135 apostolica,
666 2084 743 2124 Galatis
757 2084 821 2125 deme-

52 2137 106 2175 stica.
122 2159 148 2164 -
162 2136 272 2190 ratariae,
289 2136 388 2188 Galatiae]
404 2137 519 2176 Galatarum
535 2139 647 2190 exemplum
662 2139 771 2188 Corinthiis,
786 2139 828 2179 00ss

51 2190 164 2230 rinthiorum
188 2191 298 2241 exemplum
316 2191 470 2240 Macedonibus,
493 2191 637 2232 Corinthiorum
655 2199 674 2233 et
691 2194 823 2233 Macedonum

51 2243 144 2284 Romanis
155 2244 250 2297 proponit,
266 2252 278 2288 2
287 2245 330 2284 Gor.
340 2252 359 2294 9,
368 2252 386 2288 2.
400 2246 539 2293 Roni.15,2ss.
553 2247 628 2299 Magna
641 2248 774 2300 exemplorum
785 2250 821 2289 vis.

105 2313 124 2338 v.
139 2306 158 2342 2-
174 2294 230 2341 aare?
243 2300 304 2349 μίαν,
322 2302 343 2340 ia
356 2301 404 2354 carza)
422 2302 471 2340 Dies
485 2302 598 2341 Dominicus
615 2303 710 2353 jamtum
726 2304 822 2354 singulari

51 2352 125 2392 ratione
139 2354 261 2393 observatus.
286 2354 379 2404 Sabbato,
397 2370 435 2395 una
450 2362 505 2395 erant
517 2355 591 2394 Judaei
605 2362 624 2395 et
639 2356 753 2396 Christiani:
767 2363 821 2409 post-

51 2407 106 2456 ridie,
119 2409 140 2447 hi
153 2422 185 2447 res
200 2408 237 2448 sibi
250 2410 340 2461 proprias
353 2411 443 2462 agebant.
472 2411 582 2459 Sabbatum,
598 2411 739 2463 synecdochice
754 2413 821 2451 hebdo-

1 2497 2 2503 ,
51 2474 98 2500 raas
119 2463 239 2515 Plerumque
253 2463 324 2503 dicitur
338 2461 351 2514 ἦ
363 2465 401 2516 μία
416 2460 538 2518 σαββάτων,
552 2478 598 2513 arici,
612 2466 676 2518 prima
689 2467 822 2506 sabbatorum:

1 2528 3 2562 3
51 2514 87 2553 sed
101 2516 133 2556 hic
147 2531 186 2556 non
200 2518 278 2557 additur
293 2519 397 2569 articulus,
412 2525 434 2558 ut
450 2516 506 2559 aare?
520 2520 603 2559 retineat
617 2521 657 2559 vim
671 2520 821 2561 distributivam.

52 2567 156 2611 Consilium
167 2572 230 2612 facile.
250 2571 321 2623 Semel,
331 2587 370 2613 non
381 2579 420 2613 tarn
428 2574 511 2613 multum
519 2573 582 2614 datur.
601 2573 677 2627 Siquis
689 2576 770 2627 singulis
782 2576 822 2616 die-

51 2621 87 2662 bus
101 2625 201 2666 dominicis
213 2627 288 2679 aliquid
301 2643 386 2668 seorsum
397 2629 468 2682 posuit,
483 2629 527 2681 plus
538 2630 641 2669 collectum
653 2630 695 2679 fuit,
710 2645 768 2682 quam
778 2632 821 2682 quis

51 2680 111 2742 semel
125 2682 217 2727 dedisset.
234 2704 261 2710 —
278 2684 363 2733 ἕκαςος,
381 2684 468 2736 quisque)
487 2684 545 2723 etiam
559 2698 599 2724 non
613 2684 707 2724 ditissimi.
727 2709 753 2715 —
770 2682 824 2738 παρ’

1 2747 7 2787 ²:
51 2733 129 2788 ἑαυτῷ)
138 2750 223 2776 secanam
227 2751 235 2785 ;
249 2742 271 2777 ut
282 2743 382 2789 appareat,
398 2739 446 2791 quid
455 2739 498 2791 ipse
508 2745 578 2790 ponat:
593 2740 634 2779 sive
645 2739 678 2777 alii
687 2740 767 2791 parcius
779 2739 822 2779 sive

50 2783 124 2838 largius
137 2797 216 2843 ponant.
243 2792 336 2832 Nondum
349 2793 450 2835 habebant
469 2794 566 2834 aerarium
584 2807 683 2834 commune
697 2793 718 2832 in
737 2794 821 2834 ecclesia

4 2902 5 2906 t
51 2890 336 2906 Μ

79 2950 96 2996 ³³)
109 2953 191 2990 Attamen
203 2958 291 2993 lectionem
299 2956 355 3000 δόντι,
370 2937 446 3005 adeoque
454 2960 566 3006 praeteritum
574 2963 644 3003 teutanes,
657 2963 674 2992 et
685 2968 746 3001 toarno
758 2958 791 2994 Ed.
799 2964 821 3004 22,

110 3008 126 3035 et
137 3004 186 3039 Vera.
200 3017 254 3050 germ.
263 3008 350 3052 praetera
374 3009 395 3043 E.
407 3010 428 3043 B.
747 3023 750 3025 '

68 3057 96 3103 Η)
110 3058 149 3101 tta,
161 3063 226 3110 itaque]
240 3065 303 3101 Gravis
315 3068 338 3102 h.>
346 3068 358 3102 l.
372 3072 419 3103 error
431 3069 487 3103 Paulo
499 3065 601 3102 refutandus
614 3066 679 3109 fuerat;
693 3077 749 3111 neque
763 3072 822 3102 tamen

74 3160 89 3193 T
107 3110 248 3197 {dhortationem
260 3117 336 3162 negligit
349 3118 462 3163 subjungere·
490 3117 509 3151 V·
521 3128 538 3160 a·
654 3160 679 3204 Μ
