1922 3513
127 241 162 276 278
417 235 471 270 EPH.
484 234 505 279 V,
518 239 602 274 16-22.

126 333 177 372 Dan.
193 332 206 370 l.
222 345 239 371 r.
252 338 286 373 aut
298 346 353 372 more
366 332 421 372 urbis
435 331 537 380 obsessae,
556 330 664 370 subsidium
679 328 818 383 exspectantis)
837 341 896 381 quae·

126 391 182 437 runt3
201 387 222 427 hi
235 389 333 439 sapienter
346 387 428 435 faciunt,
444 392 463 440 et
478 386 571 437 deinceps
589 385 666 425 meliori
683 392 782 438 tempore,
801 384 855 437 quod
868 384 897 422 sie

126 442 253 492 redemerunt,
266 443 335 482 melius
349 447 433 482 utentur.
448 441 485 480 sir.
501 446 532 490 10,
547 440 590 493 (27)
606 436 691 491 51qu
705 435 779 488 deiide
792 436 814 480 ἔν
828 439 897 492 καιρῷ

128 496 254 550 ςενοχωρίας
273 512 304 537 συ.
332 497 434 536 Simillima
452 496 525 535 locutio
541 494 687 546 Smyrnensium
706 495 726 533 in
740 494 777 546 Ep.
798 493 822 531 de
837 492 897 545 Poly·

129 565 195 603 earpo,
208 550 243 589 ubi
254 556 350 603 martyres
365 552 455 590 dicuntur
470 546 506 590 dni
519 548 572 600 μιυῖς
587 547 643 602 ὥρας
657 545 696 597 τόν
710 545 795 589 αίιόνιον
809 544 897 589 κόλασιν

128 601 310 658 ἐξαγοραζόμενοι,
324 604 343 653 ξ.
357 612 375 647 2.
405 603 521 654 Oppositum
537 608 572 648 est,
587 609 659 653 tempus
669 605 758 653 perdere.
773 625 800 633 -—
813 597 897 656 ἡμέραι,

129 658 177 710 dies)
192 672 208 696 e.
218 663 236 704 6,
247 658 278 700 15-
293 660 389 711 πονηραί,
404 656 459 706 raeti)
473 655 614 703 emesam,
631 652 643 695 ό
657 655 737 696 συυινῖν
752 656 774 696 ἐν
788 658 817 709 τῷ
830 656 898 710 καιρῷ

128 713 199 765 ἐκείνῳ
213 710 279 762 (tw)
296 707 434 761 σιωπήσεται,
448 708 482 750 ὅτι
496 705 571 759 καιρός
582 703 675 761 πονηρός
688 708 739 754 ε’ςιν.

182 779 201 802 v.
213 768 245 806 tr.
260 761 372 812 συνιέντες,
385 762 516 815 iatettipentes)
529 762 596 810 Amos,
607 762 671 810 modo,
685 758 792 804 ὁσυνιῶν.
806 763 851 801 hine
861 763 898 802 eol-

127 820 188 870 ligas,
206 817 290 856 Paulum
305 817 331 856 ad
344 818 399 856 illum
412 818 476 856 loeum
490 816 607 869 respexisse.
626 838 653 845 -
670 817 692 857 τί
705 813 731 857 τό
744 817 826 868 θέλημα
837 816 858 868 a)
872 818 898 858 rii

127 872 201 926 κυρία,
215 885 265 924 qaae
278 874 367 912 volentes
379 872 468 924 Domini)
484 884 523 911 non
537 871 600 910 solum
613 871 714 919 universe,
733 871 769 910 sed
783 876 835 910 eerto
849 871 898 919 loeo,
936 893 939 904 ι

128 931 216 977 tempore
228 929 264 964 ete.

181 994 200 1019 v.
216 985 247 1023 18.
259 975 290 1030 μή
303 975 439 1030 μεθύσκεσθε
455 981 514 1033 οἴνῳ,
531 980 588 1019 nolite
606 979 700 1019 inebriari
716 978 769 1029 vino)
789 978 822 1018 Sie
840 979 899 1032 plane

127 1034 196 1083 LXX,
210 1033 269 1072 Prou
284 1040 316 1082 25,
326 1041 359 1078 51.
375 1034 425 1088 (50.)
444 1033 586 1074 Convenienter
601 1033 732 1074 dehortationi
746 1033 771 1072 ab
788 1034 899 1084 impuritate

128 1090 230 1141 subjungit
244 1089 397 1129 dehortationem
413 1090 437 1129 ab
453 1089 553 1128 ebrietate.
572 1110 600 1117 -
613 1089 635 1129 ἐν
650 1085 667 1142 qi
675 1094 682 1137 )
698 1088 719 1126 in
733 1102 780 1139 qao,
798 1087 843 1126 vino
858 1090 899 1129 seil.

128 1149 225 1208 (paterius
243 1143 369 1183 immoderate
386 1145 480 1184 hauritur.
500 1169 526 1176 -
550 1140 644 1192 α’σωτία)
659 1139 757 1188 ’Ἀσωτος
776 1142 846 1181 dieitur
864 1157 900 1195 pro

129 1212 219 1244 ασωςος.
234 1197 279 1236 inde
293 1195 374 1239 αἷσωτία
390 1199 469 1238 denotat
483 1210 560 1236 omnem
568 1197 667 1236 luxuriam
675 1196 788 1247 frugalitati
796 1196 899 1238 inimicam.

129 1251 239 1305 oppositum
253 1252 299 1290 vide
310 1265 370 1292 versu
378 1259 416 1301 49,
429 1254 453 1292 de
468 1252 537 1291 effectu
544 1252 671 1304 plenitudinis
681 1251 794 1301 spiritualis.
802 1274 827 1282 -—
836 1249 900 1305 oillei)

130 1307 163 1347 Sia
177 1307 218 1345 fere
231 1306 300 1355 LXX,
314 1307 327 1346 l.
343 1321 359 1347 e.
374 1304 429 1348 oillei
443 1303 531 1357 ὁμιλεῖτε
544 1302 670 1359 οἷνθραίποις
684 1304 779 1351 δικαίοις.

185 1374 203 1400 v.
218 1366 250 1403 te.
264 1364 362 1407 λαλῦντες
378 1361 469 1413 ἑαυτοῖς)
488 1363 583 1411 loquentes
597 1361 646 1399 inter
664 1373 708 1399 eoa:
727 1359 845 1411 antitheton,
860 1363 900 1401 Do·

129 1416 187 1456 mino.
202 1415 251 1455 conf.
267 1415 308 1455 Col.
323 1422 341 1464 3,
357 1422 388 1459 16.
402 1421 441 1455 not.
469 1414 558 1466 Spiritus,
573 1415 641 1454 fideles
654 1414 828 1454 faeitdisertos.-
844 1420 901 1468 ψαλ-

128 1470 189 1522 μοῖς,
200 1470 291 1523 psalmis)
305 1470 392 1518 biblion,
410 1469 520 1517 Davidieis,
538 1470 603 1517 novis,
618 1469 794 1521 extemporalibus3
810 1469 901 1522 adjuncto

130 1524 265 1563 instrumento.
274 1550 301 1557 -
309 1523 390 1575 ὕμνοις,
404 1524 488 1577 hyaenis)
500 1524 525 1563 ad
536 1524 614 1563 leudem
621 1524 660 1562 Dei
671 1536 788 1575 expressam.
796 1549 821 1555 -
830 1521 901 1577 ᾠδοῖς)

131 1579 259 1626 carminibus,
278 1591 328 1631 quae
343 1585 438 1618 canuntur
456 1583 490 1618 aut
503 1578 547 1617 oeni
560 1584 651 1630 possunt,
670 1578 694 1617 de
714 1591 830 1629 quoeunque
845 1592 902 1631 argu-

131 1636 196 1671 mento
210 1644 271 1671 sacro.
286 1657 312 1664 -
322 1632 480 1683 πνευματικαῖς,
493 1632 632 1685 spiritualibus)
647 1645 685 1671 uon
697 1632 805 1679 mundanis,
819 1638 842 1672 ut
856 1639 901 1673 sunt

130 1686 234 1726 ebriorum.
249 1712 275 1720 -
291 1687 321 1740 τρῖ
335 1686 407 1739 κυρίῳ,
422 1687 515 1740 Ποντίου)
531 1686 614 1735 Christo,
629 1688 663 1738 qui
676 1689 736 1726 ουνιία
749 1692 852 1726 serutatur.

184 1754 203 1780 v.
216 1745 247 1783 20.
263 1738 417 1792 εύχαριςὲντες,
429 1742 506 1793 pretias
517 1742 602 1794 tepentes)
614 1742 657 1780 Hoe
668 1740 750 1780 officium
758 1741 831 1780 Paulus
840 1755 900 1794 saepe

129 1801 188 1848 urget
199 1799 218 1834 et
230 1794 272 1846 ipse
286 1794 390 1845 diligenter
400 1800 484 1833 exercet.
498 1796 600 1847 peragitur
613 1796 681 1842 animo,
692 1795 765 1846 lingua,
778 1809 843 1847 opere.
858 1797 899 1835 eor.

130 1855 150 1897 5,
165 1855 197 1892 17.
212 1873 239 1880 -
253 1845 350 1896 πόντων,
364 1849 458 1900 omnibus)
472 1848 578 1898 Neutrum,
593 1849 695 1888 masculini
708 1855 805 1901 potestate
818 1850 899 1891 inclusa.

131 1903 180 1943 conf.
196 1902 285 1945 iThess.
294 1908 312 1951 5,
324 1908 356 1946 18.
367 1928 390 1935 -
403 1902 459 1952 iperi,
468 1903 524 1956 Jesu)
535 1917 637 1956 perquem
647 1904 776 1943 omnianobis
791 1904 900 1957 obtingunt.

184 1972 204 1996 υ.
219 1963 251 2001 21.
266 1952 371 2006 αλλήλοις,
385 1957 473 2009 iaoieem)
487 1958 544 1998 Nune
559 1958 583 1997 de
593 1958 654 1998 officio
663 1972 710 2011 erga
722 1959 780 1998 alios:
796 1960 850 2010 eujus
859 1960 903 2000 fun:

131 2011 243 2051 (lamentum
257 2018 286 2051 est
300 2013 355 2051 timor
371 2011 451 2061 Christi,
460 2013 494 2064 ee)
512 2014 585 2052 motiva
599 2026 635 2053 sua
648 2014 738 2052 hauriens
755 2026 780 2052 ex
793 2014 831 2052 fide
846 2014 900 2059 Chri-

130 2067 199 2106 stiana.
215 2066 287 2109 tPetr.
299 2072 316 2113 2,
331 2071 362 2108 15.
384 2066 438 2105 Rara
452 2068 534 2118 phrasis.
549 2067 598 2107 conf.
613 2067 675 2110 (κῦρε.
684 2072 742 2115 5,st
756 2067 900 2117 tGor.10,22.

185 2134 204 2160 v.
220 2127 252 2163 22.
266 2122 289 2161 αἱ
302 2120 408 2173 γυναῖκες,
423 2121 518 2174 utereris)
538 2122 641 2161 Inferiores
655 2124 720 2175 priore
734 2122 777 2161 loeo
792 2129 899 2175 ponuntur3

131 2175 203 2215 deinde
212 2174 328 2227 superiores.
340 2187 359 2212 v.
370 2178 401 2216 25.
413 2188 429 2213 e.
436 2181 455 2223 6,
464 2182 482 2219 t.
490 2179 509 2220 lt·
517 2181 535 2219 5,
544 2183 563 2220 9.
574 2176 646 2220 tPetr.
654 2183 672 2225 5,
681 2183 699 2221 t.
706 2183 724 2220 7.
736 2177 782 2229 quia
792 2179 899 2231 propositio

132 2235 162 2269 est
173 2230 197 2269 de
211 2228 334 2280 sabJeetioae:
352 2232 371 2266 et
382 2228 482 2269 inferiores
494 2231 565 2270 debent
576 2231 659 2272 officium
671 2232 741 2278 faeere,
754 2233 899 2286 qualescunque

131 2289 176 2324 sunt
186 2285 302 2337 superiores.
329 2282 389 2321 Multi
400 2283 458 2323 etiam
473 2297 497 2323 ex
507 2285 629 2324 inferioribus
640 2287 687 2325 fiunt
701 2287 820 2337 superiores:
835 2293 854 2327 et
866 2290 900 2340 qui

129 2339 181 2379 bene
195 2339 267 2387 subest,
284 2337 334 2378 bene
348 2343 432 2388 praeest.
453 2338 514 2377 Porro
527 2339 557 2377 his
573 2340 661 2379 omnibus
674 2341 766 2379 scribitur
779 2342 799 2380 in
813 2343 900 2383 secunda

129 2408 224 2448 persona:
238 2393 323 2433 omniurn
337 2397 367 2431 est
381 2405 429 2444 ergo
441 2393 509 2433 audire
524 2398 543 2432 et
553 2394 620 2446 legere
635 2395 755 2447 scripturam.
771 2396 819 2435 conf.
835 2397 899 2440 tdoh.

130 2456 149 2496 2,
161 2455 192 2491 iz.
204 2474 231 2481 -
241 2448 310 2494 ἰδίοις,
323 2446 371 2499 sais)
385 2447 480 2487 Mulieres
495 2447 575 2499 obsequi
590 2448 662 2488 delient
676 2451 715 2489 seir
729 2451 809 2498 maritis,
825 2452 900 2492 etiamsi

131 2504 178 2542 alibi
194 2502 274 2541 meliora
288 2501 401 2540 viderentur
415 2503 487 2542 habere
499 2503 584 2542 consilia.
599 2500 770 2555 ὑποτασσόμεναι
785 2506 900 2547 subauditur

131 2571 156 2596 ex
170 2572 188 2596 v.
198 2563 229 2600 21.
237 2554 283 2607 ren)
298 2555 329 2593 De
343 2556 410 2595 liberis
424 2563 444 2596 et
457 2557 519 2597 servis
534 2557 609 2605 dieitur,
624 2559 699 2606 obedite,
714 2573 730 2598 o.
746 2564 822 2607 tid-15·
850 2562 899 2601 Con-

127 2613 204 2665 jngum,
214 2612 276 2664 major
284 2609 364 2662 paritas
380 2610 434 2650 Gonf.
443 2616 508 2651 tamen
515 2611 571 2651 Rom.
579 2618 610 2659 15,
619 2618 636 2655 t.
645 2638 671 2644 -
682 2609 717 2661 νίς,
728 2614 785 2667 sicat)
799 2614 898 2666 Sarbjeetio,

130 2681 181 2719 quae
192 2667 217 2706 ab
227 2678 289 2706 uxore
303 2669 415 2717 praestetur
424 2666 473 2714 viro,
488 2666 545 2706 simul
554 2671 664 2718 praestatur
672 2667 710 2719 ipsi
717 2667 805 2717 Domino,
816 2669 898 2711 Christo.

129 2722 176 2762 Non
183 2727 213 2761 est
220 2719 339 2775 comparatio
349 2732 392 2759 enm
400 2719 516 2770 obedientia,
525 2734 583 2773 quam
591 2721 673 2761 ecelesia
679 2727 767 2774 praestat
773 2723 855 2774 Christo,
863 2726 899 2766 sed

158 2873 176 2919 *)
188 2872 288 2908 Leetioaem
300 2870 342 2913 θεῦ,
355 2883 390 2916 per
405 2882 461 2914 ιιιαιμ.
477 2871 568 2915 utriusque
579 2871 612 2906 Ed.
629 2872 711 2907 tectorum
724 2874 799 2910 ,arbitrio
815 2876 898 2922 relictam,

185 2921 267 2968 propert
279 2922 310 2955 hoe
321 2932 373 2956 aereae
385 2920 435 2955 Vers.
448 2931 503 2965 germ.
527 2920 547 2953 E.
560 2921 580 2955 B.

145 2970 175 3016 ii)
187 2971 241 3005 Hane
252 2970 332 3005 videlieet
343 2969 437 3012 lectionem,
450 2969 469 3003 ἐν
477 2965 529 3015 φόβῳ
540 2967 595 3015 ypati,
609 2981 661 3016 quem
667 2970 700 3005 Ed.
712 2973 753 3015 maj.
761 2973 819 3008 minue
826 2974 898 3018 firmam

185 3019 306 3101 ppppppverpjt,
311 3024 335 3101 ἐν
345 3030 408 3063 πιανμο
419 3017 452 3075 Ed.
465 3023 482 3055 κ.
490 3017 598 3062 firmioribus
610 3026 696 3078 accenset,
711 3026 727 3055 et
738 3021 788 3056 Vers.
801 3033 856 3067 germ.
869 3035 898 3059 ea-

135 3114 175 3162 err)
186 3079 248 3159 ίίιιαιι
259 3115 279 3151 in
291 3110 341 3152 Verri
353 3127 409 3163 germ.
421 3114 493 3153 ιιοιινιιιί
501 3126 536 3162 per
543 3116 660 3162 parenthesin
671 3116 765 3154 eatibernr.
789 3118 810 3154 E.
822 3119 843 3155 B.
