1922 3513
156 228 191 263 156
432 228 445 265 ,1
460 222 510 257 COR.
523 222 574 267 XIII,
587 226 640 261 4⁴8.

157 331 207 383 qnae
220 318 244 358 de
255 319 315 359 uerbo
325 313 478 373 περπιριύαμαι
488 318 555 358 notavi
565 319 590 358 ad
601 317 691 370 Greporii
700 315 774 366 Paneg.
784 327 803 365 p.
813 315 858 356 111.
868 324 922 365 seqq.

157 376 296 426 αφυσιέται,
311 388 350 414 non
359 374 448 425 tristetur,
462 374 518 414 nimis
531 373 551 413 in
565 374 624 413 alium
638 371 713 413 studim.
731 368 780 409 eonf.
793 382 809 407 e.
820 370 839 416 1,
849 373 867 410 6.
882 380 922 406 rur-

156 441 208 477 sum,
228 426 240 469 e'
254 429 308 479 ζητεῖ
320 425 347 469 ια’
360 427 447 478 ἑαυτῆς,
461 443 500 468 aon
513 430 574 468 studet
587 429 632 477 sibi,
651 439 687 465 nee
701 424 738 465 sibi
753 423 777 463 ab
793 422 835 462 aliis
850 421 924 462 studeri

156 484 249 535 postulat.
274 484 319 522 Non
333 482 421 522 dissimili
434 484 491 522 modo
505 485 552 522 item
566 483 597 522 bis
612 483 650 521 duo
664 479 751 520 membra
764 477 880 516 seinvicem
893 490 923 515 re-

157 539 247 591 spiciunt,
262 539 316 592 (lieet
330 538 367 576 alio
379 537 461 576 subinde
475 538 543 576 ordine
554 538 683 584 collocentur,
697 547 733 586 per
747 533 853 572 ehiasmum
863 531 923 571 diree-

156 598 199 634 tum
211 594 245 633 vel
258 591 364 645 inversum)
378 604 437 631 versu
448 598 472 641 7.,
487 597 506 631 et
520 592 634 644 praesertim
649 605 664 630 e.
676 593 706 639 11,
716 594 734 632 6.

211 680 230 704 v.
238 671 255 708 5.
263 662 297 704 se’
308 662 448 715 παροξύνεται
457 690 482 697 -
492 659 562 704 edero
572 660 675 714 ὑπομένει,
684 660 818 702 reortirriteter
825 680 852 687 -
860 658 924 698 omnia

157 720 244 773 sustinet)
256 718 323 756 Tertia
334 716 406 765 elassis,
419 730 455 755 sex
464 717 602 756 membrorum:
618 730 699 769 quorum
707 716 786 754 tertium
796 719 815 753 et
827 718 922 765 quartum,

158 781 217 827 atque
232 773 281 812 adeo
296 770 401 811 seeundum
416 776 435 810 et
449 772 549 823 quintum,
564 772 647 823 primum
661 776 680 810 et
694 775 782 817 sextum,
796 769 846 807 inter
860 780 881 807 se
894 781 923 807 re-

157 829 259 881 spondent.
283 827 320 865 Est
334 825 384 864 enirn
398 822 499 878 χιααμός,
518 826 574 876 Isque
587 826 724 877 retrogradus,
742 824 801 864 valde
815 835 923 875 sanginem

158 883 233 923 elimaei
242 881 330 934 geminae
340 892 375 931 per
388 879 461 931 gradus
473 880 575 931 negativos
586 885 605 918 et
619 880 750 919 affirmativas.
774 877 841 930 Atque
856 878 924 917 horum

157 937 240 976 omnium
254 935 352 986 objectum
359 934 462 986 personale
476 939 505 971 est
514 934 626 986 proximus3
641 935 699 982 reale,
714 934 805 981 futurum,
820 946 924 971 amoenos

156 993 256 1031 irritatur:
279 989 343 1028 ottenis
362 995 437 1038 speret,
461 989 525 1027 ottenis
543 991 620 1038 suffert:
642 988 777 1040 praeteritum,
798 1001 837 1026 nen
856 988 925 1038 sopitat

156 1048 239 1087 arielem.-
253 1045 317 1084 αιιιιιιιι
331 1043 384 1095 tepit,
399 1043 463 1082 artenia
477 1044 546 1083 eredit:
563 1056 666 1096 praesens,
681 1056 720 1083 ιιαιι
733 1043 804 1095 pendet
817 1056 875 1093 seper
888 1041 924 1081 iei—

156 1096 237 1152 qeitete,
253 1099 358 1151 coepundet
372 1105 435 1136 aetem
448 1099 529 1137 veritati.
555 1099 591 1137 sed
602 1097 693 1137 membris
707 1097 735 1136 ita
748 1096 834 1148 trajectis
850 1096 924 1134 eonein-

156 1156 206 1195 nitas
217 1154 289 1194 ordinis
304 1152 382 1191 Paulini
396 1166 419 1191 eo
429 1152 491 1203 magis
500 1153 632 1204 perspicitur-3
654 1165 712 1203 quem
725 1152 762 1190 hoe
775 1151 834 1190 modo
847 1164 924 1201 reprae-

157 1214 220 1250 sentat
235 1209 318 1256 schema,
333 1211 353 1246 et
367 1206 422 1259 eujus
435 1219 517 1246 nervum
531 1212 550 1245 et
563 1221 635 1247 nexum
649 1208 725 1247 evidens
738 1205 787 1245 ratio
802 1205 896 1246 ostendit:

298 1278 317 1315 1.
331 1285 370 1310 reon
384 1273 473 1311 irritetur

298 1334 317 1370 2.
332 1340 371 1365 reon
384 1327 453 1378 sopitat
466 1329 538 1365 ιιιαῖιιιιι

286 1383 317 1430 15.
331 1394 370 1419 non
382 1382 454 1432 pendet
467 1395 525 1431 stepen
539 1380 637 1431 iniquitate

285 1430 317 1483 11.
332 1437 437 1486 eettpoadet
451 1441 513 1474 erdem
527 1435 603 1474 veritati
723 1445 816 1485 praesens

299 1496 317 1533 5.
332 1490 396 1528 orrrnie
410 1490 463 1541 tepet,
478 1491 542 1528 οαιιιια
556 1489 615 1528 eredit
723 1488 850 1539 praeteritum

298 1550 317 1587 6.
332 1544 397 1582 omitia
410 1550 482 1594 speret,
496 1545 561 1583 erratrice
574 1545 642 1592 szeffert
722 1543 809 1581 {siturum

211 1614 243 1652 Ita
251 1615 298 1654 ordo
310 1615 347 1653 sibi
354 1620 432 1653 mutuus
442 1620 526 1654 constat:
542 1620 561 1653 et
572 1618 653 1666 apparet
661 1615 759 1662 ratio,our
767 1614 816 1653 haee
826 1617 924 1665 postrema

157 1675 233 1718 speret,
254 1683 276 1707 sn
293 1675 331 1717 ert,
352 1670 373 1707 in
390 1673 476 1708 extremo
493 1675 598 1721 ponantur,
614 1670 659 1721 quia
669 1669 758 1708 nimirum
773 1669 798 1707 ad
809 1670 883 1718 fraterrae
895 1680 924 1705 re-

156 1722 249 1761 fertmtur.
301 1751 303 1755 .

156 1802 183 1808 —
199 1775 211 1816 α’
224 1773 374 1832 παροξύνεται,
388 1791 428 1817 non
441 1777 539 1831 irritator)
555 1777 630 1816 etiamsi
642 1777 706 1816 studio
722 1777 777 1816 ardet
790 1776 864 1828 gloriae
877 1774 925 1814 divi-

156 1843 200 1878 nae,
210 1836 275 1870 tamen
283 1845 322 1870 non
332 1832 466 1870 exacerbatur.
482 1832 531 1870 oonf.
540 1832 585 1870 Aet.
596 1836 627 1879 ta,
635 1836 667 1873 59.
677 1855 704 1860 —
719 1828 731 1870 ei
741 1831 841 1884 λογίζεται
852 1827 877 1871 τό
886 1845 924 1869 ια-

157 1881 203 1937 edu]
218 1900 257 1925 noe
273 1887 342 1938 sopitat
354 1889 427 1925 areolum
441 1887 465 1924 ab
481 1887 542 1924 altero
555 1887 631 1924 illatum
644 1887 700 1936 quasi
713 1886 795 1924 ulturus.
819 1885 852 1923 sie
862 1884 925 1923 LXX

157 1952 194 1990 pro
208 1947 250 1980 mla
263 1950 311 1981 :utri
325 1953 389 1991 saepe.
416 1938 468 1994 [Non
483 1942 561 1992 sopitat:
585 1941 624 1979 Ine
642 1942 673 1979 eae
690 1941 721 1979 ille
739 1941 773 1979 too
791 1941 861 1979 illudne
879 1939 926 1977 milri

157 1995 229 2043 dipem
242 1994 276 2032 lane
289 1996 359 2034 illudve
373 1997 403 2033 oet
411 1996 462 2044 feeit
474 1998 505 2033 nel
514 1995 632 2046 promeritas
646 2001 678 2033 est.
706 1993 732 2033 V.
747 1994 774 2049 g.]

212 2061 231 2084 v·
240 2052 258 2090 ὃ.
272 2045 343 2102 οἷόικίᾳ
353 2074 379 2080 -
391 2046 486 2103 α’ληθιίᾳ,
498 2051 597 2102 iniquitate
605 2073 631 2080 -
641 2049 726 2102 veritati)
744 2050 775 2087 De
784 2050 821 2088 lroe
830 2048 924 2087 antitheto

158 2101 198 2140 m'd.
212 2101 267 2140 Rom.
283 2108 300 2151 2,
309 2107 327 2145 8.
337 2107 377 2141 not.
392 2123 420 2130 -
432 2104 552 2157 ααγχαίριι,
566 2103 680 2157 eonpeadet)
695 2105 814 2156 gratulatur,
829 2117 873 2143 eum
886 2103 925 2141 lae-

159 2157 208 2196 titia.
229 2155 309 2196 Veritas
323 2157 384 2195 omnis
396 2158 489 2208 perediam
504 2159 543 2197 alit.

213 2224 232 2249 v.
243 2216 261 2253 7.
276 2205 354 2260 παῖιτα,
365 2210 438 2262 artenia)
452 2210 530 2260 Quater,
543 2213 618 2259 errarem
632 2212 729 2260 videlieet,
739 2225 789 2264 quae
798 2212 883 2263 tegenda
893 2212 925 2250 vel

159 2265 267 2313 eredenda3
282 2278 332 2316 quae
341 2264 439 2317 speranda
448 2265 587 2304 etsuffereuda
596 2271 645 2304 sunt.
670 2266 757 2315 Quatuor
769 2268 789 2304 hi
801 2267 873 2317 gradus
883 2266 926 2317 pul-

159 2333 224 2359 erese
237 2319 445 2372 insieemseqrmntru:
464 2342 490 2348 -
505 2319 567 2372 ςέγει)
587 2321 640 2371 repe,
660 2319 778 2367 dIssimulat,
796 2333 857 2372 penes
871 2333 892 2359 se
907 2325 926 2359 et

157 2374 281 2427 penesalios.
302 2373 398 2427 ςὲγαμεν,
413 2372 501 2426 teyimes,
517 2379 561 2421 of),
573 2379 604 2416 la.
616 2379 655 2413 rot.
670 2397 697 2402 —
715 2370 807 2424 πιςιύιι,
823 2374 890 2428 eredit)
904 2380 926 2414 ut

158 2429 208 2480 tegit
219 2431 273 2467 ιιιαῖιι
280 2429 374 2480 proximi,
389 2441 440 2479 quae
452 2433 557 2480 apparent:
572 2429 600 2466 sie
612 2428 673 2467 eredit
682 2430 742 2477 bone,
757 2442 806 2481 quae
817 2442 856 2468 non
866 2443 925 2481 appa-

158 2487 207 2521 rent.
218 2509 243 2515 -
258 2482 342 2530 ἐλπίζει,
354 2482 431 2535 speret)
446 2482 528 2521 Causam
540 2483 582 2533 spei
594 2482 639 2521 vide
651 2482 708 2521 Rom.
718 2486 749 2531 11,
760 2486 785 2531 ln,
800 2479 926 2533 ςαθήσιται.

158 2542 226 2588 speret
241 2536 287 2574 item
301 2536 350 2575 bone
365 2537 509 2588 inposterum,
529 2541 547 2575 et
560 2536 627 2575 suffert
639 2539 697 2576 ιιιαῖα.
714 2564 739 2569 -
762 2533 870 2588 ὑπομένει,
884 2541 925 2587 saf-

152 2590 206 2644 fert)
220 2590 266 2629 dum
278 2602 323 2642 spes
334 2590 439 2641 aliquando
451 2595 548 2630 nascatur.
570 2590 640 2633 2Tim.
652 2597 670 2640 2,
680 2597 712 2635 25.
732 2591 765 2631 sie
778 2591 847 2631 laudes
856 2593 926 2631 amoris

159 2645 256 2698 quendam
269 2644 325 2696 quasi
330 2644 403 2686 orbern
415 2644 511 2692 efficiunt,
532 2645 552 2683 in
565 2658 603 2695 quo
617 2651 704 2685 extrema
718 2652 737 2685 et
751 2647 814 2698 prIma
827 2647 864 2686 sibi
877 2647 926 2686 invi-

159 2714 201 2739 eenr
210 2699 335 2752 respondent.
358 2700 472 2751 lonpenimis
486 2706 513 2737 est
518 2729 523 2746 ,
538 2700 628 2751 desiperes
642 2707 679 2740 est:
700 2702 764 2740 ortasio
776 2708 847 2751 speret,
862 2703 927 2740 onmia

158 2756 230 2805 suffert.
260 2753 394 2804 Quartumque
414 2754 465 2792 hune
485 2753 569 2804 gradum
587 2755 672 2794 suaviter
691 2756 778 2806 sequitur
799 2755 849 2794 illud
865 2756 925 2795 multo

158 2809 230 2861 majus,
245 2822 345 2861 antequem
360 2808 435 2847 excidit.

212 2888 231 2913 v.
241 2879 260 2918 8.
283 2871 367 2914 ὲὸἐποτι
379 2871 487 2921 ἐκπίπτει,
501 2887 601 2924 ιιιιιιᾳιιιαιι
615 2873 693 2928 excidit)
707 2887 745 2913 non
759 2875 873 2924 destruitur,
887 2888 926 2914 ιιοιι

159 2936 225 2968 cesset.
243 2941 320 2980 semper
332 2928 398 2967 loeum
412 2941 468 2967 suum
483 2927 566 2966 obtinet:
586 2942 685 2981 nunquam
696 2942 706 2967 e
718 2934 770 2968 statu
783 2943 817 2969 suo
831 2934 925 2978 movetur.

158 2983 208 3022 eonf.
223 2982 368 3032 ἐκπίπτοντες,
382 2983 444 3034 Mare.
457 2987 488 3029 ts,
502 2988 533 3025 25.
546 2987 585 3021 not.
600 3008 626 3015 —
645 2984 684 3024 εἴτε
698 2982 719 3024 δὲ
732 2984 869 3036 προφητεῖαι,
887 2985 926 3023 sire

157 3043 222 3088 eutem
232 3037 356 3089 prophetiae)
377 3037 418 3076 soil.
435 3042 484 3076 sant.
508 3037 536 3076 sie
549 3050 564 3075 e.
576 3041 607 3086 15,
619 3043 650 3083 11.
673 3039 800 3090 Prophetae,
814 3039 835 3076 in
848 3038 926 3089 plurali.

159 3091 206 3148 quia
212 3091 337 3144 ,multifariae
350 3086 600 3148 ῂ-ἀαταργηθήσιιται,
615 3093 744 3149 destruentia)
758 3092 791 3134 sie
804 3092 829 3132 de
842 3093 926 3146 prophe-
