1922 3513
348 256 433 300 111111,
447 261 531 295 12—19.
793 258 827 294 251

59 356 102 409 cz,
112 363 144 402 21.
160 360 179 396 et
192 353 271 408 passim,
286 353 306 391 in
318 364 340 391 re
354 351 431 390 minime
446 351 528 403 placita:
544 354 563 389 et
577 348 623 401 eici,
638 349 694 402 apud·
703 350 794 399 Graecos,
809 352 829 392 in

59 412 189 459 concessione,
202 409 236 448 vel
250 414 294 455 erto,
309 406 363 458 apud
375 406 462 445 Latinos.
490 405 558 457 Atque
570 406 600 444 uti
615 420 631 445 c.
646 411 665 453 2,
680 410 712 449 17.
727 411 772 457 post
786 402 829 457 ἄρα

58 469 137 525 ponitur
149 463 179 517 μή
188 463 276 518 γένοιτο,
290 462 318 501 ita
331 461 363 500 hio
377 465 422 513 post
437 457 481 512 ἄρα
495 460 574 512 ponitur
588 456 670 513 ὄφελον,
694 461 829 499 [stimet-um

58 524 130 565 aiennni
143 522 168 560 stt
177 532 217 571 pro
230 518 334 557 scaicdaio:
348 516 422 556 actinosa
436 515 457 554 in
471 528 527 553 arere
541 527 605 554 ornantes
619 528 661 554 eain
672 515 738 554 Panlo
749 515 831 565 posthac

72 579 170 619 loricatae.
189 588 205 613 c.
220 579 238 622 fi,
254 574 358 615 1115.-
377 572 397 611 oi
416 564 561 615 ἇναςατὲντες
579 565 645 622 ὑμᾶς)
668 569 725 608 Idem
742 568 831 618 verbum,

59 634 104 675 Aet.
120 635 152 678 17,
166 634 185 672 6.
212 627 274 667 Notat
289 629 312 667 cle
325 632 377 666 stata
388 626 450 677 plane
464 624 565 663 dilatavere.

113 710 133 735 n.
142 700 174 737 15.
188 689 252 744 ὑμεῖς,
266 692 307 745 cos)
322 692 408 732 Tantum
423 689 485 737 abest,
499 693 521 728 ut
536 688 700 728 circumcisionem
713 688 832 741 praedicem,

59 757 82 793 ut
95 752 160 804 potius
174 748 285 787 libertatem
298 747 355 786 robis
372 745 509 784 demonstrem.
519 765 547 771 -
563 740 594 784 ἐπ’
609 743 726 797 ἐλευθερίᾳ,
740 757 799 794 saper
812 743 833 782 n·-

60 804 138 858 hertate)
153 807 175 843 ut
187 802 279 843 libertate
294 801 412 855 gauderetis.
427 799 512 840 Vocatio
526 803 606 837 nonest
621 798 646 837 ad
660 795 783 850 aeconomia,
798 797 834 837 sed

61 861 87 901 ad
100 860 217 899 libertatem.
227 853 329 910 -μόνον
339 852 376 909 μή)
391 855 472 908 Ellipsis
485 854 609 906 Imperatiri‚
625 849 738 905 εὐλάβειαν
752 851 833 901 habens,

60 911 125 968 μόνον
137 908 168 964 μή
180 908 288 966 ἐλεύθεροι
303 906 339 960 ἦτε
353 907 391 961 iiia
406 909 527 962 ἐλευθερίαν
543 916 579 948 etc.
601 912 636 947 aut
657 907 780 946 accusativus
795 902 833 954 min

61 967 180 1021 ἐλευθερίαν
195 967 283 1006 absolute
296 966 377 1018 positus.
391 990 419 996 -
438 959 544 1017 οἷφορμήν,
559 961 685 1016 occasionem)
704 962 759 1013 eujus
775 961 833 1001 avida

61 1020 394 1078 ccroest.—13ionpui,earni
416 1032 436 1058 v·
452 1023 484 1061 16.
500 1032 515 1057 s.
529 1039 557 1045 -
577 1014 614 1058 iaci
627 1016 666 1065 τῆς
681 1012 778 1069 ulydiae,
794 1030 833 1069 per

61 1076 153 1129 amorem)
167 1089 186 1114 v.
203 1079 234 1119 11.
250 1081 282 1117 22.
296 1095 323 1101 »-
339 1075 438 1120 istruna,
452 1071 528 1123 servite)
542 1072 642 1111 Decorum
657 1071 770 1110 antitheton.

95 1159 98 1161 -
116 1145 135 1169 v.
151 1133 182 1172 11.
196 1131 308 1181 wirpiret,
320 1125 419 1179 inpletur)
433 1125 489 1164 Rom.
505 1132 536 1173 15,
551 1132 570 1169 9.
584 1130 625 1164 not.

116 1198 136 1223 v.
152 1188 184 1226 15.
204 1182 233 1231 δὲ,
247 1181 300 1233 vero)
315 1180 433 1232 Oppositum
447 1181 546 1220 servitutis
562 1193 598 1231 per
613 1192 697 1218 amorem
712 1179 833 1218 serviendae.

62 1260 90 1268 -
104 1233 195 1286 1111111111,
210 1235 308 1288 incedetis)
322 1235 342 1273 iu
356 1235 413 1273 fama.
428 1256 455 1262 -
475 1234 604 1281 κατεσθίετε,
623 1232 727 1286 comeditis)
741 1234 762 1272 in
774 1233 835 1272 iacul-

62 1291 141 1333 tatibus.
151 1287 321 1339 *includite
335 1288 481 1340 concremamini}
495 1288 535 1326 Per
548 1288 602 1327 rinus
617 1293 637 1326 et
651 1287 729 1326 dolores
744 1288 836 1327 consanti-

63 1355 95 1388 tan
107 1347 170 1385 virtus
185 1344 265 1392 animae,
280 1343 372 1383 valetudo
387 1343 479 1394 corporis,
495 1342 618 1390 existimatio,
632 1342 742 1380 facultates.
768 1340 836 1395 [Nota-

64 1403 105 1442 bilis
120 1401 173 1453 prolc
192 1400 257 1437 eicior!
278 1411 343 1437 eortina
361 1411 453 1437 ntcnierao
467 1403 503 1445 est,
526 1410 607 1448 prioratu
621 1399 671 1435 alter
685 1397 743 1435 vitani
757 1398 837 1436 alterins

60 1456 163 1509 praecidit.
190 1452 280 1491 Durioris
299 1453 371 1504 inpenii
390 1453 475 1490 ironiines
492 1452 628 1502 necopinantes
642 1456 660 1490 et
673 1453 766 1489 canaram
779 1451 838 1490 nescii

65 1513 177 1549 consonant
189 1508 284 1558 reliquos:
303 1506 409 1552 molliores,
424 1506 561 1545 solicitudinem
575 1506 630 1544 tacite
643 1506 765 1553 decorantes,
776 1519 837 1557 prae-

64 1570 142 1604 matura
155 1567 214 1601 morte
229 1562 359 1612 conficiantur.
386 1559 412 1599 V.
428 1559 455 1615 g]

1 1656 2 1678 3
119 1642 138 1667 v.
154 1632 185 1670 16,
206 1625 257 1678 λέγω
272 1625 304 1674 δὲ,
323 1626 364 1665 dico
378 1624 431 1676 cero)
454 1624 567 1675 ingreditur
581 1623 691 1676 explicare,
703 1637 754 1676 quae
769 1638 788 1663 v.
804 1631 836 1667 15.

1 1696 3 1699 ·
65 1682 172 1734 proposuit.
191 1702 218 1707 -
240 1674 352 1730 πνεύματι,
372 1678 449 1730 spirita)
468 1679 509 1718 vid.
532 1677 558 1732 [v.
574 1684 605 1721 18.
621 1684 653 1720 22.
669 1683 701 1721 25.
718 1684 740 1726 6,
754 1678 836 1734 r—.8.]

66 1737 122 1776 Rom.
137 1741 156 1784 8,
170 1737 189 1779 ll·
204 1739 243 1773 not.
258 1754 286 1760 -
300 1728 352 1784 ἐμή
366 1732 467 1785 τελέσητε)
481 1747 520 1772 non
530 1733 639 1785 perficietis.

120 1816 138 1840 v.
154 1806 185 1844 17.
208 1795 233 1840 ci
248 1799 269 1839 δὲ
283 1798 375 1848 πνεῦμα)
390 1798 475 1849 Spiritus
489 1804 552 1837 autent
572 1801 639 1836 contra
654 1810 738 1836 caruem.
753 1797 836 1837 verbum

65 1856 167 1905 ἐπιθυμεῖ
178 1855 248 1906 ipsum,
261 1853 300 1900 vel,
316 1852 361 1904 quia
373 1852 394 1890 id
407 1851 448 1890 fere
456 1853 477 1890 in
484 1852 555 1896 malam
565 1857 642 1903 partem
650 1852 738 1900 sumitur,
754 1853 837 1891 alterum

66 1911 85 1949 ei
99 1909 204 1960 analogum
217 1906 338 1948 subauditur.
354 1906 435 1957 Ellipsis
449 1911 501 1945 certe
516 1907 557 1945 sive
571 1919 655 1957 zeugma
670 1906 788 1957 elegantiam
803 1908 838 1946 ha-

65 1965 105 2004 bet.
115 1985 142 1991 —-
151 1961 274 2008 divinarit,
289 1960 427 2010 aclaerscntar)
441 1956 569 2014 ἅντιπραγῖᾳ
583 1973 652 2011 pugna
664 1967 733 2001 mutua
743 1961 800 1999 seria.
810 1986 838 1993 -

66 2017 128 2067 icti,
142 2014 273 2069 quaecunque)
289 2014 381 2053 Garnales
395 2014 473 2062 fuciunt,
488 2028 613 2066 quaeeunque
626 2015 704 2065 volunt;
719 2016 797 2054 tametsi
808 2016 837 2055 iu-

66 2072 143 2111 terdum
157 2083 201 2109 caro
216 2083 259 2108 curn
273 2081 331 2106 carue
344 2073 429 2119 pugnat:
445 2081 518 2116 eorum,
533 2069 566 2121 qui
579 2069 706 2120 resipiscunt,
722 2070 760 2108 alia
775 2083 837 2122 eaque

64 2126 159 2166 mirabilis
174 2129 203 2163 est
218 2122 365 2162 conditionem
379 2122 459 2177 spiritus
474 2123 568 2175 obnititur
583 2125 637 2162 carni
649 2129 668 2163 et
678 2125 749 2163 actioni
763 2125 836 2176 melae3

66 2194 116 2228 caro,
131 2177 208 2230 spiritui
221 2183 241 2216 et
255 2177 326 2215 actioni
339 2176 408 2227 bonae,
422 2183 444 2215 at
458 2178 510 2230 (ἵνα)
525 2191 590 2229 neque
605 2178 640 2217 illa
653 2192 717 2230 neque
730 2179 780 2218 haec
793 2193 837 2232 per-

65 2239 140 2286 agatur.
168 2231 213 2270 Tali
226 2231 246 2269 in
260 2235 317 2278 statu,
333 2231 413 2282 ancipiti
428 2232 507 2283 quippe,
521 2233 595 2271 multae
608 2233 672 2272 niolae
684 2239 704 2272 et
717 2233 790 2272 multae
803 2234 837 2273 bo-

64 2302 101 2328 nae
116 2287 201 2326 actiones
215 2285 356 2338 impedirmtur:
376 2285 411 2325 ubi
424 2299 469 2325 cero
484 2286 563 2338 spiritus
578 2287 648 2335 vineit,
667 2302 686 2327 v.
702 2293 734 2331 18.
749 2289 791 2327 acie
804 2301 837 2328 res

65 2341 178 2382 decernitur.
206 2339 262 2379 Haec
277 2353 351 2378 summa
365 2340 388 2378 iis
404 2340 547 2391 quodammodo
561 2343 671 2393 respondet,
687 2355 737 2393 quae
752 2342 808 2381 Rom.
819 2348 837 2391 7,
890 2365 892 2368 ·

66 2400 98 2441 11.
114 2409 169 2448 seqq.
185 2396 263 2447 copiose
278 2395 416 2447 explanantur:
432 2408 544 2448 quanquam
557 2396 690 2448 inpraesenti
704 2401 766 2436 status
781 2410 836 2448 prae·

64 2450 179 2503 supponitur
193 2449 255 2501 magis
267 2449 310 2501 jam
323 2449 436 2501 spiritualis.

116 2530 136 2556 v.
151 2521 183 2559 18.
204 2511 317 2566 πνεύματι,
332 2514 411 2569 spirita)
430 2516 474 2564 Dei,
488 2515 545 2554 Rom.
560 2520 579 2564 8,
593 2518 626 2559 11.
641 2521 670 2565 11,
691 2516 794 2556 libertatis.
809 2539 837 2546 —

65 2567 152 2623 ἄγεσθε,
170 2570 269 2622 elzccintini)
289 2570 384 2616 Medium.
398 2571 411 2609 1.
427 2585 443 2610 1.
463 2584 507 2610 cum
525 2574 589 2609 annot.
604 2593 632 2599 -
652 2567 695 2611 zinci
712 2566 783 2623 νόμον,
802 2572 836 2611 rab

65 2624 112 2677 iepe)
127 2625 183 2664 Rom.
198 2630 216 2673 6,
231 2627 263 2668 11.
278 2637 293 2663 s.
390 2623 391 2626 ’

120 2705 138 2730 v.
154 2696 186 2734 19.
206 2686 289 2741 pavacii
304 2689 333 2739 δὲ,
347 2691 452 2740 rnaiiifesta
465 2690 537 2743 autent)
556 2692 607 2731 Caro
621 2692 703 2739 occulta,
716 2704 752 2742 per
766 2705 802 2731 sua
815 2705 837 2732 se

66 2756 125 2795 opera
140 2745 212 2797 prodit,
226 2749 248 2783 ut
261 2744 324 2784 facilis
338 2745 364 2783 sit
377 2746 462 2796 cognitio
476 2747 512 2785 sui.
527 2768 554 2774 -
567 2743 595 2787 toi
608 2744 665 2800 ἔργα,
679 2746 748 2799 opera)
762 2747 837 2797 infrac-

65 2803 125 2838 tnosa.
155 2801 226 2851 Opera,
240 2799 261 2838 in
274 2798 356 2851 plurali,
375 2801 421 2851 quia
436 2800 499 2839 divisa
513 2805 567 2849 sunt,
582 2805 601 2839 et
615 2813 673 2852 saepe
687 2801 738 2839 inter
752 2814 773 2840 se
787 2815 837 2854 pug-

49 2854 142 2902 nantia,
163 2860 182 2893 et
196 2854 230 2892 vel
243 2853 321 2905 singula
335 2867 414 2892 caruem
429 2854 520 2906 produnt.
543 2855 572 2894 At
580 2858 665 2904 frotetus,
679 2854 748 2903 bonus,
762 2870 782 2894 v.
797 2863 836 2905 22,

65 2905 85 2944 in
96 2908 196 2960 singulari,
207 2907 254 2959 quia
263 2909 377 2960 conjunctus
386 2914 406 2948 et
415 2922 500 2949 concors.
516 2908 717 2962 centuplatas
727 2929 754 2936 ψ
764 2907 837 2960 oi'ccoa,

66 2962 124 3015 qaae)
142 2962 173 3002 Ea
187 2976 247 3015 opere
261 2963 324 3003 camis
340 2969 450 3012 enumerat,
472 2964 493 3003 in
509 2977 559 3016 quae
572 2964 655 3003 manime
669 2963 767 3016 proclives
782 2970 837 3004 erant

66 3013 159 3067 Galatae3
175 3021 246 3065 contra,
261 3031 294 3056 eas
309 3016 367 3056 etiam
377 3022 444 3069 partes
459 3018 533 3058 fructus
543 3019 631 3070 Spiritus,
645 3031 696 3069 quae
710 3018 738 3056 eis
751 3020 837 3059 manime

66 3067 165 3111 debebant
179 3083 222 3112 esse
237 3071 383 3111 commendatae
396 3078 457 3117 v.15.
481 3073 575 3114 Ordinem
585 3073 637 3112 huno
650 3078 709 3121 tenet,
723 3078 746 3112 ut
760 3087 838 3115 enume-

65 3128 95 3163 ret
108 3130 195 3178 peecata,
204 3126 313 3168 'commissa
327 3140 371 3167 cum
384 3129 482 3181 proximo,
496 3128 590 3169 adversus
602 3127 672 3178 Deum,
684 3128 780 3170 adversus
793 3143 837 3185 pro-
