1922 3513
339 239 348 272 1
359 229 410 266 COR.
422 231 458 276 XI,
472 238 556 271 15—2u
794 236 829 271 145

114 341 134 367 v.
149 332 181 370 15.
197 324 392 381 decempedae,
407 342 447 380 pre
461 329 547 383 tepmine)
563 330 608 370 Non
625 328 673 380 quin
687 328 780 368 accedere
797 328 830 368 de-

61 386 107 426 beat
120 389 193 436 teqmea
207 383 317 423 artificiale:
332 383 368 423 sed
382 382 436 436 qued
447 397 502 422 coma
515 385 609 437 prolixior
621 383 737 422 documento
751 384 783 432 sit,
798 397 831 422 ea-

61 439 106 493 pitis
121 442 179 489 qnam
192 438 276 477 maxime
290 438 376 478 velandi.
390 443 471 476 naturae
486 437 545 479 debet
558 438 677 491 respondere
690 437 787 477 voluntas.
801 459 830 467 —-

63 495 152 542 δέδοται,
161 492 182 545 ᾗ)
197 495 244 532 deta
258 493 293 546 est)
307 507 343 545 per·
355 499 450 532 naturam.

114 561 140 599 v.v
150 554 181 590 16.
196 549 215 588 εἰ
228 547 256 595 δὲ,
270 550 300 588 sin
314 547 385 600 uectem)
400 548 504 597 Praeeisio,
518 550 573 589 utic.
585 551 660 597 1457·
675 546 831 599 PerspicitPau-

61 604 101 650 ius,
118 602 212 641 nonnulla
229 616 287 654 posse
303 603 376 655 excipi:
395 602 431 641 sed
449 616 472 641 ea
486 604 574 656 reprimit
593 602 713 642 auctoritate.
731 624 759 630 -—
778 601 835 643 densi

62 651 190 710 φιλόνεικος,
207 658 282 697 videtur
296 656 428 709 contentiosus)
444 657 498 696 Talis
515 659 624 710 disputator
639 662 727 710 putaret,
742 670 763 696 se
777 660 831 695 recte

62 711 195 751 contenderes
206 712 241 750 sed
256 712 331 751 Paulus
351 712 438 763 appellat
458 714 597 752 ccczteatiosom.
619 712 658 751 hoc
677 712 732 751 dicit:
754 712 772 750 si
789 711 832 762 quis

61 768 101 806 cult
114 766 230 816 contendere,
244 767 301 820 idque
314 781 334 807 se
342 770 390 818 jure
402 769 473 816 fecere
485 764 577 807 nactaemct.
596 767 663 807 Habet
675 767 725 805 haec
738 766 832 819 periocha

62 819 136 872 aliquid
150 821 175 859 ad
190 820 299 862 Corinthios
314 822 429 862 modestiam
444 822 541 863 docendos
559 823 634 873 potius,
653 835 712 874 quam
726 822 752 860 ad
766 833 832 860 omnes

61 875 176 926 obligandos
195 883 291 927 spectans.
315 877 364 917 conf.
386 876 451 920 2C0r.
467 884 485 926 2,
500 883 518 920 9.
551 877 603 917 Nam
620 877 707 929 inprimis
728 876 832 927 φυσλωσικ

62 944 128 969 eorum
142 932 251 982 compescit.
267 932 315 971 cont.
331 947 346 972 c·
356 935 387 978 it.
395 935 482 975 54-58.
493 953 519 960 -
528 928 593 983 ἡμεῖς,
607 935 652 985 nes)
663 932 752 970 doctores
764 929 831 976 vestri,

62 998 87 1023 ex
99 984 202 1024 Hebraeis.
220 1009 246 1015 —
265 983 394 1036 συνήθειαι,
414 986 574 1039 consuetudinem)
589 993 611 1026 ut
627 987 697 1025 mulier
717 990 776 1036 caput
792 997 832 1032 uon

61 1043 120 1090 tegat,
135 1052 192 1078 orans
206 1041 360 1093 praesertim-
369 1045 391 1082 αἱ
401 1041 510 1091 ἐκκλησίαι
521 1044 547 1081 ui
558 1041 605 1091 eze,
621 1040 764 1092 ecclesieeDec')
779 1051 830 1091 quae

60 1107 99 1132 non
113 1097 208 1133 contemni
223 1095 300 1133 debent.
316 1109 332 1134 c.
347 1099 378 1142 14,
394 1101 425 1138 56.

114 1161 132 1186 v·
148 1154 179 1191 17.
195 1151 255 1201 erico)
268 1151 312 1197 λιιι,
328 1149 380 1201 quod
394 1145 488 1200 sequitur.
504 1172 530 1179 —-
544 1148 691 1202 παραγγέλλω,
705 1146 772 1199 jubeo)
791 1147 831 1186 Do-

60 1201 107 1240 mini
124 1203 206 1242 nomine.
227 1218 246 1242 v.
262 1211 293 1247 25.
313 1203 360 1256 Cap.
377 1207 409 1252 λλ,
424 1208 456 1245 57.
471 1229 497 1235 -
516 1200 542 1243 ἐκ
557 1203 660 1252 eccetan,
677 1217 717 1241 non
738 1200 830 1252 reccidere)

62 1256 186 1308 Oppositum:
204 1261 306 1298 Zczcdeffv.
322 1266 340 1302 2.
367 1259 412 1298 Hoc
426 1259 520 1298 antitheto
537 1258 588 1296 duae
602 1263 669 1309 partes
683 1258 741 1309 hujus
762 1256 831 1308 capitis

61 1317 113 1350 arcte
128 1318 272 1352 connectuntur.
291 1314 311 1352 in
326 1314 387 1352 altera
402 1319 457 1352 erant
471 1312 537 1364 probi3
557 1312 577 1350 in
592 1313 654 1356 altera
672 1311 781 1363 peccabant
796 1310 831 1349 Co-

60 1366 131 1404 rinthii.
146 1388 174 1396 -
192 1370 221 1414 εἰς
235 1364 260 1408 ed
274 1367 376 1420 κρεῖττον,
394 1369 415 1406 in
428 1366 503 1418 melias)
523 1366 634 1404 Conventus
648 1366 735 1405 fidelium
755 1378 831 1417 semper

61 1419 146 1460 debebat
159 1422 253 1473 proficere
267 1422 287 1461 in
300 1422 375 1460 meiius.
391 1444 418 1451 -
433 1424 461 1468 εἰς
477 1418 502 1461 τό
517 1416 586 1469 ἧττον,
601 1422 622 1459 in
637 1421 727 1473 deterius)
743 1419 831 1472 adeoque

60 1475 80 1513 in
94 1476 195 1524 judicium.
211 1491 230 1515 v.
245 1480 277 1520 54.
308 1476 366 1514 Initio
385 1476 460 1514 Paulus
478 1475 564 1526 loquitur
582 1475 653 1514 mitius.
685 1475 830 1522 Paronomasia,

60 1528 163 1584 κρεῖττον,
180 1527 248 1579 ἧττον,

112 1597 131 1621 v.
147 1589 179 1627 18.
194 1586 284 1638 πρώιον,
294 1583 388 1636 princerni)
400 1584 449 1631 Hoc,
460 1597 498 1622 non
506 1583 637 1635 subsequente
646 1584 718 1632 decede,
733 1588 830 1622 moratam

59 1635 105 1675 facit
120 1639 230 1677 orationem.
259 1638 370 1677 Conventus
381 1639 439 1677 etiam
452 1639 472 1676 in
485 1651 522 1676 usu
535 1638 671 1676 charismatum
685 1643 762 1689 poteret
776 1637 830 1689 apud

60 1690 168 1731 Corinthios
181 1693 223 1731 fieri
241 1693 261 1731 iu
275 1693 351 1732 meiius.
372 1707 387 1731 e.
403 1696 435 1736 th.
452 1714 480 1721 -
498 1690 520 1730 ἐκ
534 1691 562 1747 τῇ
575 1692 683 1744 ἐκκλησίᾳ,
701 1693 722 1731 in
741 1691 827 1743 ecclesio)

58 1746 146 1786 Ecclesia
159 1747 192 1785 hic
205 1748 269 1798 vergit
284 1747 309 1785 ad
323 1748 483 1799 significationem
496 1746 541 1784 loci.
556 1745 589 1786 ἐπὶ
604 1742 628 1785 w.
643 1742 702 1793 αύιό,
713 1761 732 1785 v.
741 1752 774 1788 20.
790 1744 829 1799 [uhi

58 1801 122 1839 ceassiu
136 1803 164 1840 ed
176 1803 297 1840 concordiam
306 1804 344 1850 fas
357 1808 384 1840 est
397 1802 484 1852 conspersi
489 1830 493 1847 ,
508 1799 533 1837 V.
547 1798 575 1853 g]
593 1822 620 1827 -
639 1799 755 1852 σχίσματα)
770 1802 827 1839 scitis-

58 1860 116 1903 nzcte,
131 1868 170 1894 non
183 1855 241 1895 modo
255 1857 275 1894 in
289 1856 383 1902 sensibus
399 1869 414 1893 e.
423 1862 440 1903 t,
450 1861 487 1902 10.,
502 1854 538 1892 sed
552 1854 610 1891 ctiam
623 1853 644 1891 in
659 1854 753 1902 coetibus7
767 1869 786 1892 v.
796 1861 828 1897 21.

58 1929 86 1937 -
98 1910 160 1962 pn'poc
174 1926 204 1959 τι,
219 1925 244 1949 ecc
254 1910 321 1961 pecte)
336 1910 415 1961 Excipit
428 1910 552 1947 innocentes:
569 1913 588 1945 et
601 1908 644 1946 miti
659 1920 748 1947 sermone
761 1910 828 1948 utitur.

58 1983 85 1989 -
99 1960 185 2011 atgerio),
199 1966 263 2015 erede)
279 1964 333 2002 salvo
348 1977 418 2001 amore.
434 1967 495 2010 c.'15,
511 1968 529 2004 7.

111 2031 130 2055 v.
146 2023 178 2059 19·
192 2018 228 2058 καῖ
242 2017 338 2071 αἱρέσεις,
354 2018 410 2056 etiem
424 2016 519 2069 haereses)
534 2016 644 2054 Senisraotc
656 2022 675 2054 et
690 2018 778 2056 haereses
791 2019 829 2056 hee

56 2069 99 2109 ioco
115 2070 139 2109 de
153 2084 226 2109 unare
241 2071 340 2121 dicuntor3
355 2085 419 2124 neque
431 2073 488 2110 ctiam
497 2071 582 2122 pertinet
596 2071 622 2108 ad
636 2071 746 2111 faciendum
761 2072 828 2111 discri-

57 2138 110 2173 meu3
126 2125 161 2163 sed
175 2125 211 2164 hoc
225 2126 330 2176 significat:
344 2140 384 2165 non
397 2126 455 2165 medo
469 2126 531 2164 multa
543 2125 605 2174 bona,
620 2138 684 2178 neque
698 2127 754 2165 modo
769 2129 827 2177 effen

57 2180 130 2226 diceto,
146 2193 162 2217 c.
176 2184 195 2226 8,
210 2185 239 2228 9.‚
258 2185 303 2219 sunt
316 2194 376 2233 penes
391 2194 436 2228 vos,
451 2180 487 2220 sed
502 2181 559 2219 etiam
576 2181 667 2220 haereses
682 2181 724 2220 sive
739 2182 828 2221 diversas

57 2233 161 2271 sententias
181 2238 201 2272 et
218 2234 327 2286 plerunque
344 2236 449 2275 irascentis
468 2248 493 2273 ex
511 2235 535 2273 iis
556 2235 660 2274 schismata
683 2248 725 2274 esse
744 2242 827 2288 oportet.

21 2320 23 2322 ,
56 2286 132 2327 Harum
145 2289 251 2327 necessitas
265 2294 306 2328 tum
321 2295 340 2329 et
355 2295 389 2339 est,
404 2295 424 2329 et
438 2289 528 2329 conducit
538 2289 581 2341 piis,
596 2290 630 2327 ubi
645 2290 727 2338 admixti
741 2292 769 2329 eis
783 2297 829 2330 sunt

56 2342 214 2394 ocinus-probem
243 2343 331 2383 Schisma
351 2350 380 2384 est
395 2345 491 2384 discessus
508 2349 596 2393 mutuns;
615 2344 711 2393 haeresis,
730 2345 828 2384 discessus

56 2396 113 2434 nnius
127 2397 197 2448 partis,
212 2397 237 2436 ab
250 2399 325 2438 unitate
340 2399 446 2447 ecclesiae,
465 2398 592 2446 velintne,
611 2398 643 2437 vei
657 2399 677 2436 in
693 2399 752 2437 cultu.
766 2422 793 2427 -
807 2400 829 2440 ὀἱ

57 2445 151 2501 δόκιμοι,
162 2452 249 2505 probati)
269 2454 328 2493 Tales
343 2468 390 2505 ergo
406 2459 458 2493 certe
472 2453 559 2491 nonnulii
574 2458 634 2491 crant.
663 2452 731 2492 Sermo
746 2450 833 2501 sicsine·-

56 2516 101 2542 nam
113 2506 176 2544 voluit
191 2507 266 2547 dicere:
282 2514 304 2547 ut
318 2510 381 2548 arciacus
392 2509 472 2561 probati
485 2507 532 2546 fiant
546 2506 617 2558 palam.

110 2573 129 2597 V·
139 2566 171 2603 20.
186 2562 339 2616 ρυκερχομένωκ
354 2559 379 2603 ὗν
395 2560 460 2615 ripaeis,
473 2563 624 2602 consuescentibus
638 2576 683 2615 erpo
698 2563 757 2615 vebis)
772 2564 828 2615 Erpo

56 2610 103 2651 fecit
117 2614 143 2652 ad
156 2617 314 2656 reassumendum
329 2631 439 2658 sermonem
451 2632 469 2656 v.
480 2623 511 2661 18.
526 2641 553 2646 —
567 2614 593 2657 ἐκ
607 2615 639 2663 ige
652 2618 733 2671 φαγεῖν)
748 2632 787 2657 noo
801 2623 829 2656 est

57 2668 116 2705 edere.
130 2668 143 2707 i,
152 2682 168 2707 e.
184 2684 223 2709 non
237 2672 328 2724 continpit
341 2675 406 2712 edere:
421 2686 465 2712 esus
475 2672 586 2724 impeditur,
600 2671 699 2719 videncet,
714 2672 760 2724 quia
771 2672 827 2723 panis

57 2722 155 2761 avertitur.
174 2724 219 2764 ideo
233 2733 324 2767 notanter
338 2728 374 2775 ait,
389 2730 449 2767 cdere.
470 2728 551 2767 Locutio
565 2727 670 2765 indefinita.
685 2724 743 2779 [ilcan
757 2727 835 2766 honerat·

56 2775 108 2813 nicht
120 2778 176 2826 doen,
190 2794 256 2831 cocpenv
268 2782 349 2835 Achnp
363 2784 396 2821 des
411 2784 471 2822 Brots
485 2784 526 2821 ιικιλ
542 2782 611 2821 Weiss.
625 2780 670 2820 Not.
686 2780 736 2836 crit]
765 2781 828 2821 Inter-

57 2828 103 2889 dum
116 2834 258 2881 perveniebant
276 2837 302 2875 ad
320 2851 399 2877 coenam
419 2838 535 2877 dominicam
554 2837 617 2888 ipsam
636 2834 741 2875 edendam:
761 2851 779 2875 v.
795 2842 834 2879 26.-

55 2883 153 2923 1nterdum
163 2888 324 2939 excludebantur,
338 2892 427 2931 nonnulii
439 2898 497 2940 certe,
510 2892 544 2944 qui
555 2891 629 2930 tardius
644 2889 780 2939 adveniebant,
789 2903 828 2928 non

57 2945 169 2990 exspectan.
184 2955 202 2980 v.
213 2948 245 2985 55.
274 2944 307 2984 Sic
319 2945 351 2993 ἐςλ
365 2961 408 2986 cum
422 2947 522 2996 infinitivo,
533 2945 595 2985 Hebe.
605 2951 623 2993 9,
631 2949 650 2987 5.
669 2943 702 2983 Sic
715 2958 753 2983 nen
765 2944 827 2985 semel

57 3024 343 3042 *—‘—-—-—-—...—

85 3062 102 3106 ³³)
119 3063 157 3099 VOG·
171 3062 224 3115 αὗῐῇι
237 3069 286 3112 eeq'ns
298 3071 366 3106 oncis-sie
375 3072 515 3117 peemccpinene
527 3070 559 3104 Ed.
568 3076 584 3107 2.
596 3080 607 3103 c
619 3068 668 3114 sipno
681 3081 692 3115 y
704 3069 729 3104 cd
741 3069 828 3116 sequens

83 3162 98 3197 T
115 3111 187 3201 ‹ItIetruso
199 3121 231 3162 est,
244 3118 365 3157 exhibentem
377 3122 427 3158 Vers.
441 3133 495 3170 germ.
520 3121 540 3156 E.
552 3120 573 3154 B.
667 3161 687 3208 K
