1922 3513
273 277 275 280 <
313 255 366 290 GAL.
378 255 400 298 V,
413 261 442 294 16.
466 256 500 299 Vl,
514 261 574 294 1—4-
794 261 829 295 253

60 374 86 382 -
100 343 253 402 epanalepsim
258 381 265 399 ,
281 349 418 401 provocantes)
438 350 464 388 ad
482 350 582 389 iuvidiam.
609 349 711 398 Relatum,
731 348 830 402 exparte

59 403 196 458 potentiorum.
211 426 239 433 —-
254 406 383 456 φθονὲντες,
396 404 510 456 inridentes]
526 404 656 452 Correlatum,
671 417 696 443 ex
710 409 766 455 parte
779 406 830 444 infir-

1 462 2 465 ’
59 471 146 499 mierum.

320 547 571 599 carurvr.
628 530 630 533 ‘

113 646 132 670 v.
148 637 167 674 1.
182 627 292 683 'Adelpol,
300 631 388 685 fratres)
404 631 496 683 Sequitur
509 632 603 671 monitum
617 630 643 670 ad
657 630 738 671 Galatas
752 631 831 683 proprie

59 686 231 727 accommodatum.
241 707 269 736 ÷
280 684 318 727 e'oiv
332 686 374 735 καί,
389 688 407 726 α’
420 686 484 739 ctiam)
500 685 570 738 Saepe,
585 686 618 739 qui
632 691 733 737 provocat,
749 685 830 725 alterum

2 754 4 757 ⁴
58 756 94 795 pro
108 746 227 793 provocante
242 740 311 780 habet:
326 742 361 781 sed
373 741 390 780 si
399 754 469 781 revera
483 741 532 781 alter
547 748 591 781 0010
605 747 673 791 eaptus
681 743 750 790 fuerit,
765 745 831 780 tamen

1 796 4 849 J
58 811 93 836 nos
106 809 146 835 non
160 796 253 835 debemus
264 809 299 836 nos
310 802 426 848 provocatos
436 796 514 845 ducere,
529 796 565 835 sed
575 795 631 835 alteri
642 797 707 848 potius
723 796 830 835 consulere.

58 847 96 891 ἐοίν
111 850 147 891 καὶ
166 851 247 890 denotat
260 864 301 890 rem
314 851 400 899 facilem,
421 851 457 890 sed
471 851 523 904 apud
538 850 650 904 spirituales
664 864 703 890 non
721 850 778 889 nimis
793 850 831 889 tre-

1 903 4 945 i
59 910 197 957 0101110111-
214 907 335 962 προληφθῇ,
354 912 399 945 aaa
413 912 481 957 captas
489 907 563 960 faerit]
577 906 681 945 Passivum
696 905 788 959 perinde,
808 911 831 945 ut

58 960 164 1012 appellatio
177 962 242 1007 10010,
259 961 343 1012 pertinet
358 960 384 998 ad
397 962 475 1000 veniam
489 961 640 1000 conciliandam:
661 961 698 1000 sed
709 960 829 1013 praepositio

2 1064 3 1068 ρ
57 1012 100 1067 πρό
113 1021 157 1053 aute
171 1015 254 1054 refertur
267 1015 300 1053 vel
315 1015 340 1053 acl
354 1015 453 1063 delictam,
469 1016 512 1055 coll.
530 1015 576 1068 Sap.
587 1021 624 1064 17,
639 1020 671 1058 17.
686 1014 828 1068 προληφθείς·

57 1069 90 1107 vel
103 1070 167 1121 potius
182 1070 208 1108 ad
221 1074 296 1121 partem
310 1070 389 1117 laesam,
403 1074 478 1109 utente
492 1077 560 1122 raptres
569 1072 635 1120 fuisse
644 1070 726 1118 dicatur,
742 1069 827 1121 quinos,

57 1136 97 1161 non
107 1124 178 1171 laesus,
191 1123 261 1163 laesit·
269 1128 291 1161 ut
306 1123 430 1162 Herodianus
444 1124 457 1161 l.
467 1130 491 1173 5.,
507 1121 544 1170 ταὶς
558 1122 686 1179 εὐεργεσίαις
700 1118 829 1176 προειληφό-

57 1191 95 1223 τας
109 1177 161 1225 dicit,
176 1179 210 1228 qai
219 1178 278 1229 parics
292 1178 404 1226 beacfmere.
418 1200 446 1205 —
461 1178 482 1217 ἐν
497 1179 539 1218 mr
554 1173 719 1232 παραπτώματι,
734 1178 754 1216 ia
763 1178 828 1228 aliquo
848 1182 850 1184 ’

57 1230 131 1283 delicto)
145 1245 165 1269 v.
180 1245 209 1282 gr.
223 1245 287 1271 οοοιαο
300 1233 383 1283 ploriae,
403 1246 419 1270 c.
435 1237 453 1280 5,
467 1237 511 1279 25,
531 1237 564 1270 aut
577 1232 651 1270 reditus
672 1231 698 1269 ad
715 1231 829 1270 servitutem

1 1304 2 1309 =
57 1285 147 1336 legalem.
171 1285 219 1324 conf.
239 1286 336 1334 delictam,
354 1286 411 1324 Rom.
427 1291 458 1333 11,
474 1291 529 1328 tls
549 1307 575 1314 -
593 1289 613 1327 οἱ
627 1284 775 1336 πνευματικοὶ)
796 1286 830 1336 qai

57 1340 132 1390 Spiritu
145 1341 218 1388 coletis,
234 1345 253 1378 et
266 1340 344 1390 lapsum
357 1340 423 1387 illum,
437 1340 548 1391 vigilantes,
564 1338 724 1379 animadvertitis.
742 1338 781 1386 sie,
795 1353 829 1379 va-

1 1406 2 1417 ³
58 1395 101 1443 11111,
120 1394 176 1432 Rem.
191 1399 223 1442 55,
239 1399 256 1436 t.
286 1394 380 1445 Congruit
393 1407 450 1442 mox,
468 1395 488 1433 τό
502 1395 577 1445 spirita.
598 1392 662 1447 [Coaf.
683 1407 699 1432 c.
714 1399 732 1441 5,
747 1392 788 1448 25]
803 1395 831 1425 -’

57 1448 199 1501 καταρτίζείε)
213 1449 309 1497 restituite,
324 1454 346 1487 ut
359 1449 468 1487 membrum
478 1449 578 1487 eeclesiae.
601 1447 679 1496 Omnes,
695 1448 728 1499 qui
741 1452 829 1500 possunt,

55 1503 125 1553 juvare
140 1503 217 1542 debent.
236 1525 264 1532 —-
281 1499 412 1556 πραότητος,
427 1502 586 1556 100110110111111110)
604 1503 628 1542 In
642 1502 679 1541 hac
698 1502 781 1541 sanandi
799 1503 829 1542 vis

51 1562 95 1596 est:
110 1554 159 1596 haec
174 1558 274 1596 character
288 1557 395 1608 palmarius
407 1558 489 1597 hominis
501 1557 613 1610 spiritualis.
630 1555 830 1612 [00010531]-

57 1610 153 1660 σιοποῖν,
172 1611 269 1664 spectans)
285 1611 394 1663 Singularis
412 1617 458 1663 post
475 1611 577 1664 pluralem.
606 1611 694 1663 Quisque
712 1611 750 1650 sibi
770 1611 830 1651 debet

0 1671 1 1674 ’
56 1664 162 1704 attendere.
177 1689 205 1695 -
218 1667 254 1707 καί
268 1661 301 1714 ον’,
317 1667 373 1704 etiam
387 1665 415 1718 tu)
430 1667 514 1706 Tentato
527 1681 576 1715 uno,
590 1666 648 1723 facile
664 1669 751 1704 tentatur
764 1667 825 1716 alter3

55 1720 170 1772 praesertim
184 1722 201 1759 si
214 1720 262 1759 velit
273 1720 349 1769 *mederi
363 1720 425 1769 alteri,
438 1734 475 1772 nec
484 1722 647 1761 arraresaetuclinem
661 1725 732 1759 servet.
744 1735 825 1761 -αει-

56 1775 148 1829 ρασθῇς,
163 1775 247 1827 tenteris)
263 1775 331 1813 eodem
345 1774 409 1813 aliove
422 1775 486 1814 modo.

108 1841 127 1866 v·
143 1835 161 1870 2.
176 1827 204 1869 τοί
217 1825 281 1882 βοίρη,
295 1829 363 1881 onera]
378 1829 430 1869 Sane
444 1836 492 1869 orius
509 1835 538 1868 est
550 1843 606 1868 omne
617 1828 710 1867 delictum.
732 1828 825 1871 Versu5.

57 1881 149 1936 φορτίον.
173 1884 269 1936 φορτίον,
286 1883 415 1935 perferentis
428 1884 514 1923 viribus:
531 1879 599 1937 βοίρη,
615 1895 665 1934 quae
680 1883 784 1922 excedunt.
799 1900 830 1911 ..-

56 1930 169 1987 βαςοίζετε,
183 1936 269 1988 portate)
285 1941 404 1976 constanter:
423 1952 461 1977 non
475 1937 533 1976 modo
548 1938 608 1976 semel
623 1936 732 1976 sublevate.
750 1961 777 1966 —-
791 1938 829 1978 καὶ·

57 1985 110 2034 ἕτως
125 1986 297 2044 α’ναπληροίσατε,
312 1998 330 2030 et
342 1992 369 2030 aie
382 1992 490 2045 udiruplete)
505 1992 646 2043 Imperativus,
661 1991 763 2030 includens
776 1991 827 2030 futu-

56 2055 99 2080 rum
112 2042 217 2093 indicativi,
232 2045 261 2083 uti
274 2045 320 2084 Joh.
336 2051 353 2093 7,
368 2051 401 2088 57.
416 2044 457 2087 α’να
471 2047 614 2099 praesupponit
628 2045 727 2085 defectum
742 2046 829 2097 aliquem

57 2096 110 2148 apud
125 2096 206 2137 Galatas
220 2099 347 2138 sarciendum.
366 2121 394 2127 —
412 2097 449 2140 τόν
464 2098 529 2150 νόμον
544 2102 570 2140 τῦ
583 2100 653 2154 χριςεῖ,
673 2103 732 2152 Ζοροιο
747 2100 827 2154 Christe)

57 2150 111 2189 Rara
125 2153 237 2203 appellatio.
255 2153 303 2192 conf.
318 2153 363 2193 Joh.
378 2160 410 2202 13,
424 2158 457 2198 51.
471 2155 529 2194 Rom.
545 2160 576 2202 15,
593 2162 611 2198 5.
639 2154 683 2193 Lex
697 2155 779 2203 Christi,
793 2156 828 2195 lex

58 2205 133 2243 amoris.
148 2206 213 2255 Moses
221 2207 282 2246 multa
288 2208 327 2247 alia
335 2207 396 2248 habet
404 2215 516 2262 praccepta.
525 2209 594 2248 Verba
603 2211 658 2258 haec,
667 2223 727 2249 onera
735 2215 754 2249 et
763 2212 827 2262 lapara,

57 2259 130 2297 habent
143 2260 231 2299 mim'esin
245 2261 271 2300 ad
285 2261 373 2310 Galatas,
387 2265 443 2303 oneri
456 2265 514 2317 lopati
528 2264 599 2304 obnixe
614 2264 694 2304 subesse
710 2270 807 2303 eona-ntes.
829 2280 831 2282 ·

111 2326 129 2351 v·
145 2320 163 2355 5.
178 2316 233 2362 δοκεῖ
246 2314 299 2356 εἶναί
312 2333 340 2365 τι,
354 2318 430 2357 videau-
444 2333 483 2358 esse
496 2320 580 2372 aliquast)
594 2321 615 2358 in
628 2319 711 2369 Spiritu.
738 2319 777 2370 Qui
790 2319 831 2358 sibi‘

57 2380 95 2406 11011
110 2367 187 2408 videtur
202 2382 244 2408 esse
259 2371 342 2423 aliquid,
356 2372 388 2411 hic
403 2373 481 2413 demum
496 2374 577 2413 aliorum
589 2374 627 2412 fert
641 2386 706 2412 onera.
828 2375 831 2419 J

111 2428 130 2460 V'-
146 2425 164 2466 t.
179 2420 205 2465 zo*
219 2424 240 2464 dsl
254 2423 326 2478 ἔργον,
345 2441 393 2478 opas
406 2428 460 2481 aero)
480 2428 550 2468 Statim
564 2429 634 2467 iterum
651 2428 758 2467 occurritur
772 2427 830 2467 alteri

59 2479 150 2526 extremo,
164 2491 189 2516 ne
204 2480 252 2517 alios
263 2481 335 2532 juvans
349 2482 378 2521 tui
393 2483 515 2522 obliviscare.
523 2480 628 2536 -ἕργον1
641 2496 688 2530 reta,
701 2495 741 2521 non
754 2482 831 2534 opinio-A

58 2543 102 2568 nem
118 2531 142 2570 de
157 2546 183 2571 se.
197 2556 225 2564 -
238 2535 267 2581 ,εἰς
280 2532 357 2576 ἑαυτόν
370 2532 446 2587 μόνον,
466 2539 486 2577 ia
500 2551 520 2576 sc
533 2538 596 2589 tyrsum
610 2537 678 2589 solam)
693 2537 761 2585 Multi,
782 2536 829 2576 dum

59 2597 79 2646 sc
96 2594 208 2638 comparant
223 2602 266 2628 eum
280 2590 333 2638 aliis,
353 2591 387 2642 qui
401 2591 506 2631 deteriores
522 2592 623 2641 videntur,
641 2592 723 2643 gloriam
742 2591 831 2643 capiunt:

58 2644 124 2692 rtaque
133 2642 206 2682 Paulus
222 2643 246 2682 ab
257 2645 295 2683 hae
306 2647 449 2698 comparatione
464 2647 555 2686 deterret.
583 2646 613 2685 Ne
628 2646 653 2685 de
666 2647 736 2686 nostris
750 2646 832 2697 quidemj

59 2692 114 2734 bonis
129 2697 208 2747 gloriari
223 2698 327 2749 debemus;
346 2701 382 2740 scd
400 2702 538 2741 multominus
556 2701 580 2740 de
595 2701 663 2741 alienis
677 2701 738 2748 vitiis,
758 2700 830 2752 quibus

59 2761 95 2788 nos
110 2756 215 2792 careamus.
245 2752 333 2793 Gloriam
345 2756 369 2794 de
383 2756 413 2795 his
428 2757 474 2795 dum
489 2757 570 2805 eximat,
586 2756 669 2808 gloriam
683 2755 707 2793 de
721 2755 760 2794 illis
775 2755 831 2795 vide

59 2807 91 2842 tur
100 2807 212 2856 concedere,
220 2808 301 2848 sednon
310 2809 415 2850 admodum
423 2811 517 2851 concedit.
527 2825 573 2850 nam
577 2811 667 2863 probatio
676 2823 755 2849 suarum
764 2824 831 2851 rerum

60 2859 125 2899 statim
134 2862 213 2913 objiciet
226 2864 292 2913 multa,
305 2878 340 2917 per
349 2878 399 2918 quae
409 2867 499 2919 ptoriatio
508 2866 642 2906 imminuatur:
657 2870 676 2904 et
685 2878 733 2905 mox
741 2878 780 2904 non
789 2868 812 2917 pt
823 2888 831 2897 -

314 2955 346 2962 .—

72 3012 74 3014 ·
121 2989 158 3040 ᾳή,
171 2994 272 3037 κενοδοξίας
284 2997 323 3042 μὲν,
336 3001 389 3044 τιμαὶ
399 3002 429 3033 καὶ
442 2998 522 3033 ἔπαινοι·
537 2996 624 3033 α’πονοίας
637 2994 662 3037 δὲ,
675 2995 744 3038 ἔξαριάς
755 3001 785 3032 καὶ
798 2994 832 3033 du-

69 3043 70 3046 ’
120 3045 191 3079 amasias
203 3046 290 3090 ptyadas·
302 3049 401 3093 βασκανίας
414 3043 439 3087 δὲ,
453 3045 475 3081 αἱ
484 3044 522 3082 τοῖν
534 3045 608 3089 πλησίον
617 3041 749 3091 εὐδοκιμήσεις·
763 3045 832 3093 φιλαρ-

121 3093 187 3138 γυρίας,
200 3090 220 3128 αἱ
227 3091 263 3128 τοῖν
275 3095 391 3140 παρεγὸντοιν
400 3095 512 3142 φιλοτιμίαι·
527 3091 628 3134 ἀκολασίας,
641 3093 699 3140 τρυφή
708 3098 738 3131 καὶ
748 3092 770 3131 αἱ
780 3109 832 3133 orca*

65 3147 67 3151 “
122 3141 157 3184 χεῖς
171 3138 209 3178 scia·
221 3141 311 3190 γυναικών
324 3134 420 3188 tantau-
433 3149 463 3182 καὶ
476 3143 536 3192 ἕτερον
548 3143 603 3190 ε’τὲρε.
618 3163 638 3170 -
653 3143 673 3181 Ε.
686 3144 706 3180 B.
831 3147 833 3150 “
