1922 3513
360 224 369 257 1
384 218 435 253 COR.
447 219 483 262 IX,
494 224 560 258 4—12.
808 227 844 260 155

73 319 134 360 ratem
145 316 208 364 venit,
229 317 310 367 cattepac
321 314 429 354 includens.
443 335 471 342 —
485 317 557 369 φαγεῖν
571 316 608 357 καὶ
621 314 683 366 πιεῖν,
697 318 752 356 edere
765 324 784 357 et
796 317 844 357 bibe-

73 373 104 427 re)
118 372 160 411 sine
173 371 241 410 labore
254 383 352 409 manuum.
626 383 627 386 ¹

128 439 146 464 v.
158 429 177 468 5.
192 419 285 475 ιῖὂελφήν
298 424 394 477 γυναῖκα,
408 437 493 462 sororem
503 423 592 478 tramam)
600 423 625 462 In
635 435 681 462 casn
693 427 747 462 recto
756 425 805 464 haec
815 432 845 466 est

74 480 190 537 propositio:
209 480 257 519 haee
270 492 325 518 soror
337 484 364 518 est
377 492 429 518 uuor
442 491 490 517 urea.
509 491 569 530 quare
582 478 655 517 sororis
668 478 745 517 nomine
760 492 799 518 non
809 481 845 520 toi-

73 540 120 579 litur
133 534 282 574 matrimonium.
296 559 323 565 -
345 530 467 587 περιάγειν,
489 531 637 585 circumducere)
660 532 728 572 Sermo
744 535 844 580 concisus:

74 605 119 647 pro,
139 590 209 629 tubere
223 594 240 627 ct
254 588 399 627 circumducere.
423 600 464 626 non
480 588 530 626 enim
543 586 631 641 habebat
644 600 732 627 uxorem.
761 588 806 628 Non
821 603 846 629 ex

74 644 170 692 habendo,
185 643 221 682 sed
232 655 257 681 ex
269 642 437 690 circumducendo,
452 647 526 682 sumtus
537 641 655 681 afferebatur
665 642 758 682 ecclesiis.
770 665 798 671 -
810 640 846 693 cie,

74 698 130 753 sicut)
141 698 230 737 Pertinet
238 698 275 736 hoc
284 698 342 736 etiam
352 696 378 735 ad
386 710 405 735 v.
413 699 432 740 tr.
445 719 470 725 -
483 698 502 737 οἵ
509 698 586 743 λοιποὶ,
597 695 662 749 cetere)
672 696 774 737 Articuius
783 703 846 737 osten-

75 757 108 803 dit,
120 750 186 791 omnes
197 752 283 803 reliquos
294 753 322 791 sic
333 751 409 790 fecisse.
431 750 497 803 Etiam
511 750 535 788 de
550 749 641 789 Johanne
655 751 740 801 cogitare
751 752 804 792 licet.
818 774 846 781 -

75 811 109 850 ιαὶ
124 811 143 849 οἱ
155 803 241 858 terraer
252 806 290 846 τοῦ
300 806 369 856 rupte,
384 812 402 844 ct
409 808 487 855 staua
501 804 590 858 Dotatae)
604 804 801 858 Aet.t,ttr.Gai.1,
813 812 846 850 19,

74 869 102 892 '—
115 860 151 902 aar
165 862 242 912 ιηφιῗς,
257 868 275 898 et
289 860 373 913 Captus)
388 858 488 898 Gradatio.
505 859 549 898 coit.
564 872 580 898 c.
594 865 612 907 5,
628 865 659 901 22.
674 865 714 898 not.

128 928 147 952 v.
160 920 179 956 6.
193 913 232 956 τοῦ
247 911 276 965 μή
290 911 427 968 ἐργάζεσθαι)
442 914 580 965 supersedendi
592 926 649 965 opere
663 913 773 953 manuario.

128 982 148 1007 v.
158 973 176 1011 7.
193 969 229 1016 τίς,
244 968 295 1022 pura)
309 969 380 1007 Pulcra
395 969 494 1007 confertur
506 968 595 1007 minister
608 968 707 1019 evangeiii
721 982 765 1008 cum
778 967 846 1017 milite,

75 1024 163 1071 vinitore,
178 1028 262 1074 pastore.
284 1022 381 1075 Loquitur
394 1022 494 1076 apostotus
509 1023 533 1061 de
548 1036 580 1071 eo,
597 1024 650 1075 quod
663 1024 791 1070 communiter
804 1023 846 1063 fieri

75 1079 133 1127 solet,
149 1077 224 1117 etiamsi
234 1079 277 1129 jam
290 1082 331 1117 tum
344 1077 436 1125 fuissent,
456 1079 489 1129 qui
502 1078 587 1129 propriis
601 1079 704 1130 stipendiis
719 1077 790 1118 milites
804 1078 846 1118 fue-

74 1134 118 1181 rint,
138 1133 253 1172 Votoatur'rs.
266 1154 294 1161 —
308 1129 402 1184 φυτεύει,
412 1130 501 1184 plantat)
516 1145 532 1170 e.
546 1138 564 1179 5,
575 1137 594 1174 6.

128 1201 147 1226 v.
161 1191 180 1230 8.
196 1185 240 1239 uui)
255 1188 316 1226 etiara.
344 1184 388 1225 Non
398 1187 457 1226 modo
469 1199 509 1226 non
522 1188 626 1225 secuudum
639 1187 738 1235 haurirem,
753 1186 789 1227 sed
802 1186 847 1239 ipsa

74 1243 119 1293 lege
134 1241 254 1293 approbante
268 1242 289 1280 id
304 1241 353 1279 dico.

129 1309 148 1334 v.
161 1301 180 1337 9.
195 1293 220 1336 ον’
235 1295 338 1348 perspicere
351 1293 404 1344 patr
418 1290 523 1345 citeriora)
538 1294 571 1333 Sic
584 1294 653 1344 LXX,
667 1295 726 1335 Deut.
743 1298 774 1343 25,
789 1297 808 1338 tr.
819 1316 847 1324 -

76 1347 178 1399 ἀλοῶντα,
193 1348 324 1402 triturantem)
343 1346 409 1387 Hodie
424 1348 469 1400 equi
483 1348 575 1387 triturant
586 1349 607 1387 in
618 1349 715 1389 nonnuliis
730 1349 847 1389 Germaniae

74 1405 129 1443 iocis.
144 1426 172 1432 —-
190 1403 221 1456 pri
236 1405 278 1445 τῶν
290 1402 358 1455 portu,
372 1416 419 1442 rrrrur
436 1402 500 1457 boues)
514 1402 539 1442 Id
552 1417 593 1442 non
606 1404 664 1455 plane
678 1409 771 1457 negatur,
785 1404 847 1461 bpves

76 1471 134 1497 curae
143 1472 186 1498 esse
196 1459 246 1497 Deo.
258 1472 303 1496 nam
312 1457 346 1509 qui
352 1456 400 1496 bovi
407 1457 506 1497 trituranti
514 1471 535 1496 os
544 1458 659 1506 obturasset,
668 1463 770 1511 peccasset
780 1464 848 1498 contra

74 1513 145 1564 legem.
167 1513 208 1552 Sed
219 1512 316 1552 conclusio
328 1512 517 1562 proceditaminori
526 1513 552 1551 ad
562 1512 631 1564 majus.
651 1513 755 1566 Specimen
762 1517 847 1552 tractan-

76 1567 96 1605 di
109 1568 164 1618 leges
178 1567 284 1615 Mosaieas,
300 1567 351 1606 circa
365 1566 470 1607 animantia
483 1567 540 1605 latas.

129 1636 148 1660 v.
157 1627 189 1666 tt).
204 1617 296 1670 adurar,
310 1620 396 1673 ortatur)
408 1621 451 1672 Ipsi
458 1620 606 1672 interrogationi
613 1620 705 1660 inseritur
712 1621 784 1661 vocula
794 1623 845 1673 ajen-

76 1676 101 1714 di.
112 1699 140 1705 —-
154 1674 196 1727 ὅτι)
207 1688 283 1727 nempe,
298 1676 354 1727 quod.
368 1697 393 1704 -
408 1672 438 1715 εἰτ’
447 1674 523 1727 ἐλπίδι)
539 1672 597 1716 παῖ’)
611 1675 674 1713 LXX
687 1675 751 1714 soient
761 1676 846 1715 reddere

76 1726 106 1769 εἰτ’
117 1729 190 1769 ἑλπίδι.
206 1729 254 1768 conf.
267 1729 312 1767 Act.
322 1735 340 1775 2,
351 1734 382 1771 26.
392 1750 420 1756 —
432 1727 516 1780 ὀφείλει,
526 1728 587 1780 debet)
602 1729 730 1768 Commutatio
742 1743 845 1781 personae.

75 1782 169 1821 Debitum
178 1787 207 1822 est
217 1795 278 1835 penes
288 1788 438 1830 remunerantes,
452 1796 492 1821 non
501 1795 561 1833 penes
572 1782 694 1822 laborantes:
710 1783 758 1822 alias
767 1784 788 1822 hi
799 1797 845 1836 pec-

77 1842 142 1876 carent
151 1850 190 1875 non
199 1837 318 1889 accipiendo.
341 1836 374 1876 Sic
386 1836 410 1875 de
422 1843 537 1886 praecepto,
551 1849 570 1873 V·
585 1841 616 1881 ttr.
632 1837 764 1886 contractui,
780 1838 845 1882 20or.

76 1897 108 1941 12,
118 1896 150 1934 tt.
160 1913 187 1918 -
201 1889 212 1932 ci
223 1889 336 1943 ιῖριτμιῶν,
348 1891 419 1945 arcura)
432 1890 472 1929 Hic
482 1903 560 1941 quoque
569 1890 700 1930 boumiabor.
717 1892 804 1932 Videtur
813 1892 847 1932 ad·
909 1931 912 1938 ,

33 1951 35 1953 ’
76 1947 151 1997 agium3
167 1946 225 1997 quate
239 1946 297 1984 iliud:
317 1944 367 1995 Spes
380 1947 416 1984 alit
429 1946 531 1996 apricotus.
545 1967 573 1972 —
593 1945 632 1996 τῆς
646 1945 729 1993 ἐλπίδος
742 1944 810 1989 αὐτοῦ
819 1947 847 2000 ÷f),

76 2001 117 2051 spei
130 1999 185 2053 suae)
203 1999 330 2038 Abstractum
342 2012 379 2050 pro
389 2004 489 2038 concreto:
506 2002 621 2048 fructuum,
637 2014 719 2051 quorum
733 2016 767 2053 spe
781 2004 847 2042 ararit

75 2054 102 2101 is,
119 2054 153 2104 qui
164 2067 215 2092 nunc
226 2054 309 2091 triturat.
325 2075 352 2081 —-
366 2052 469 2106 μετέχειν,
485 2055 586 2104 particeps
594 2054 650 2106 fieri)
665 2054 707 2094 scil.
720 2056 777 2096 debet.
800 2057 849 2108 Spei

75 2121 122 2146 surae
135 2108 235 2158 particeps
246 2108 303 2158 fieri,
324 2106 444 2158 periphrasis
459 2107 516 2146 verbi
529 2109 628 2148 triturare.
659 2108 735 2161 Nempe
750 2111 847 2162 quierat,

76 2166 118 2215 arat
130 2174 164 2212 spe
177 2160 282 2199 triturandi
292 2165 311 2199 et
325 2161 407 2201 edendi:
422 2161 456 2212 qui
469 2162 557 2210 triturat,
571 2164 645 2215 potitur
659 2176 683 2203 ea
693 2178 738 2216 spe,
754 2179 813 2217 quam
826 2166 847 2205 in

77 2214 149 2254 arando
162 2215 240 2262 habuit,
256 2219 275 2254 et
287 2216 365 2254 triturat
378 2215 398 2254 in
412 2230 465 2267 spera
479 2216 556 2256 edendi.

129 2282 148 2306 v.
160 2274 191 2311 tt.
206 2265 261 2320 ὑμῖν,
275 2269 336 2323 uotis)
354 2269 400 2314 Non
414 2271 469 2318 dicit,
484 2278 557 2319 restra,
571 2276 594 2311 ut
606 2285 658 2311 mox.
673 2295 700 2326 7
720 2273 780 2328 μέγα,
794 2288 847 2327 raup-

76 2321 131 2375 uura)
147 2322 201 2361 Ocni.
216 2322 281 2365 2Gor.
290 2328 322 2372 tr,
335 2329 366 2367 15.
375 2327 407 2367 tt.
421 2325 457 2364 ubi
470 2327 582 2377 exponitur,
596 2328 672 2366 autrum.

128 2384 148 2415 r.
158 2383 190 2420 12.
204 2374 272 2426 citior,
284 2378 327 2431 atii)
342 2379 426 2431 apostoli
435 2381 482 2428 veri,
497 2394 516 2419 v.
527 2386 545 2423 5.
559 2385 592 2419 aut
604 2381 654 2429 falsi,
670 2380 733 2425 2Cor.
742 2387 774 2431 Μ,
780 2387 812 2425 20.
821 2409 846 2416 .-

75 2427 141 2482 a‘puir)
155 2432 219 2471 uestri.
235 2452 262 2459 —
279 2433 370 2483 μᾶλλον,
381 2434 457 2488 potius)
470 2440 552 2487 propter
565 2435 658 2486 majorem
668 2436 762 2475 laborem.
778 2462 805 2470 -
820 2436 847 2486 τῆ

75 2483 144 2535 ἕξεσῖᾳ
156 2481 231 2542 ταύτῃ)
245 2485 292 2524 Vim
300 2486 361 2526 habet
371 2488 457 2527 iteratio:
474 2495 567 2540 potestate
581 2490 623 2529 istu.
638 2511 666 2517 -
681 2488 775 2544 ςέγομεν)
789 2481 848 2544 atrei,

75 2540 164 2589 proprie,
183 2546 236 2592 tepo,·
256 2540 313 2590 inde,
329 2548 421 2595 protepo,
442 2544 533 2593 defhudoe
554 2545 611 2593 item,
632 2546 740 2593 dissirrruto',
761 2546 848 2585 dissimu-

76 2594 138 2631 tauter
150 2596 198 2642 fero
213 2601 231 2633 et
244 2597 308 2635 tolero.
330 2596 350 2635 h.
361 2596 410 2637 laet
425 2612 467 2650 cap.
479 2604 510 2648 15,
524 2605 542 2642 7.
572 2599 653 2650 Contra,
671 2596 696 2642 ori
711 2600 789 2653 ςὲγειν,
808 2614 848 2639 aea

70 2647 138 2694 ferre,
152 2648 173 2686 in
186 2648 257 2687 affectu
271 2650 392 2702 vehementi,
408 2659 527 2704 erumpente.
549 2654 643 2696 rThcss.
656 2661 673 2703 5,
688 2659 735 2696 Μ.
755 2652 809 2706 [lucc
821 2661 848 2693 to-

76 2701 159 2740 lerantia
180 2716 228 2753 opus
247 2711 274 2743 est
292 2705 397 2758 Euuupctit'
415 2709 507 2748 urirristro.
538 2710 582 2749 rau
601 2710 651 2749 erru'ra
672 2710 797 2759 arropautr'ue
814 2722 848 2749 seu

77 2756 171 2793 avoeriae
184 2758 260 2797 uoutiue
278 2762 432 2811 exprobrantur,
458 2777 508 2814 puae
524 2764 600 2803 uirtutis
621 2778 660 2803 esre
679 2769 779 2803 censeatur
799 2765 849 2803 iuter

73 2807 167 2855 politicos.
194 2809 221 2850 V.
236 2811 263 2866 g.]
285 2836 313 2842 -
334 2819 368 2856 ἵνα
382 2814 413 2867 μή
426 2814 518 2870 ἐγκοπήν
532 2834 581 2859 τινα
597 2818 673 2868 δῶμεν,
688 2831 712 2856 ιιι
726 2817 848 2869 impedimeri-

77 2864 117 2897 tura
130 2863 190 2901 ultum
203 2866 319 2922 affiruuuu)
338 2870 351 2908 i.
366 2883 382 2909 e.
397 2876 419 2910 ut
434 2885 493 2924 quam
505 2872 590 2911 maxime
603 2884 757 2924 promoveamus.
782 2873 849 2924 Expe-

77 2944 364 2964 Ἢ-

104 2982 122 3026 t)
135 2984 236 3019 Breeicrera
248 2988 345 3036 tectiorem,
365 2992 392 3029 εἰτ’
406 2994 465 3030 ἐλπίδι
477 2994 510 3030 roi
520 2999 613 3041 μετέχειν,
633 2994 682 3039 erp'ru
693 3006 725 3030 aec
737 2993 758 3029 iu
769 2996 850 3041 uturpiue

136 3031 169 3064 Ed·
181 3035 227 3076 maj,
245 3047 277 3071 uec
289 3039 309 3072 ιἰι
322 3041 395 3087 Gitona,
408 3055 439 3080 acc
451 3045 471 3079 ιἰι
483 3045 532 3091 Vere.
545 3055 599 3090 germ.
616 3044 707 3088 restipiuut
719 3050 755 3090 est,
769 3045 850 3092 prauae

137 3091 197 3126 raurpo
208 3082 241 3118 Ed.
254 3090 271 3122 2.
296 3086 316 3123 Ε,
330 3089 352 3126 Β,
