1922 3513
129 235 169 271 ’140
413 239 422 272 l
436 232 487 267 COR.
499 232 525 276 X,
538 236 622 270 19-30.

187 340 207 366 v.
216 332 248 370 la.
262 327 295 378 τί,
310 328 365 382 qnid)
378 328 402 367 ln
410 328 484 382 protasi
493 327 559 380 posuit
571 329 706 380 argumentum
720 337 732 362 a
745 322 805 362 sacris
817 321 902 361 christia-

133 381 163 421 nis
178 387 197 421 et
210 382 305 434 judaicis:
322 398 374 423 nunc
388 383 482 438 apodosiu
496 383 584 432 daturus,
602 376 760 435 προθερασείαν
774 376 855 417 adhibet
868 390 903 428 per

134 438 292 489 occupationem,
307 439 408 490 ipsamque
422 438 517 492 apodosin
532 435 635 490 εὐλαβῶς,
649 435 670 473 in
683 448 702 472 v.
711 438 753 481 20·,
767 432 860 483 implicite
870 445 903 483 po-

133 491 172 531 nit:
187 492 221 543 qui
234 493 344 545 idolothyta
361 494 410 543 edit,
425 494 586 540 communionem,
601 503 644 529 cum
656 487 771 535 daemoniis,
786 486 837 526 colit.
859 488 903 525 Ido-

134 549 174 587 lnm
183 547 204 600 *)
220 552 249 586 est
261 548 345 599 lignum,
360 555 462 600 praeterea
475 548 532 586 nihil:
545 546 685 596 idolothytum,
701 546 730 582 est
742 542 825 581 frustum
835 542 903 590 carnis,

135 607 238 654 practerea
247 603 304 641 nihil:
319 609 339 642 at
348 604 440 654 poculum
452 603 530 643 illudet
543 602 576 640 ille
590 599 655 653 panis,
671 596 776 649 dequibus
789 610 808 635 v.
818 602 855 645 16,
866 609 904 635 non

135 663 165 697 est
177 669 251 695 merum
264 657 364 708 poculum,
377 671 417 697 non
430 659 486 711 panis
500 669 571 696 merus.

189 725 208 749 v.
217 715 248 752 20.
264 707 314 759 αλλ’,
324 710 373 762 sed)
388 713 429 752 scil.
443 714 489 752 ilico.
498 733 525 739 -
536 707 664 761 δαιμονίοις,
679 704 790 758 daemoniis)
804 718 852 757 prae
862 704 904 743 ido-

135 765 165 804 lis.
175 785 203 793 -
213 761 325 813 νοινωνδς,
338 765 406 817 socios)
422 767 460 816 Qui
469 764 568 805 sacrificiis
583 763 677 814 gentium,
693 760 794 800 daemonia
807 759 905 798 invitanti-

134 819 181 867 bus,
195 818 285 866 aderant,
300 817 405 858 daemoniis
413 821 518 860 fenestram
527 818 641 869 aperiebant
652 815 678 855 ad
687 828 730 856 sese
744 813 905 854 irrvadendos.÷-

134 875 179 927 θεῷ
184 904 191 922 ,
204 872 255 925 Deo)
270 872 290 910 in
300 874 354 925 cujus
365 875 498 915 communione
507 882 549 913 esse
558 871 639 910 dehetis.
653 870 712 909 Dent.
722 875 754 919 52,
764 874 806 912 lt:
821 866 905 910 ἔδυσαν

102 944 104 946 ·
135 926 261 979 δαιμονίοις,
276 927 312 966 καί
326 925 350 969 οὐ
364 930 415 982 θεῷ.
444 930 497 969 (lanf,
511 926 591 967 Baruch
605 929 627 972 λ,
643 929 661 967 7.
685 952 689 955 -

187 994 206 1018 V·
215 985 247 1023 21.
264 978 288 1020 ου’
299 978 401 1036 δύνασθε)
415 998 454 1023 non
461 984 548 1035 potestis,
563 981 604 1019 sine
613 979 698 1018 maximo
709 982 795 1029 peccato.
804 1002 829 1009 -
837 975 905 1030 nupia,

133 1034 226 1087 Domini)
248 1034 325 1074 Christi.
340 1063 367 1069 -
385 1038 487 1090 τραπέζης
505 1034 575 1089 κυρία,
593 1047 670 1074 attonsae
687 1031 779 1083 Domini)
801 1030 821 1071 S.
840 1031 906 1070 Coena

135 1089 245 1128 convivium
260 1094 299 1138 cst,
313 1104 352 1131 non
366 1093 492 1143 sacrificium
506 1093 527 1130 in
540 1102 617 1137 mensa,
631 1101 671 1127 non
684 1089 705 1126 in
719 1087 782 1128 altari.

187 1157 206 1181 V·
220 1149 251 1185 22·
265 1145 421 1199 παραζηλέμεν)
440 1145 553 1186 irritamus?
571 1155 641 1195 nempe
655 1156 691 1195 per
706 1140 842 1181 idololatriam.
857 1153 876 1177 v.
888 1144 905 1181 7.

134 1197 171 1236 EX·
180 1202 212 1246 20,
222 1201 241 1241 5·
262 1198 326 1238 Affifle
341 1198 409 1244 nauhu
425 1200 497 1255 οἷγυῖυα
509 1198 612 1250 παρέχειν.
626 1198 730 1246 usam.
752 1195 905 1245 SicDeut.oap.

136 1253 167 1291 cit·
178 1267 197 1291 v.
206 1258 245 1301 al,
261 1250 322 1294 αὐτοί
336 1251 487 1306 παμεζήλωσσίν
500 1270 525 1305 με
540 1250 570 1295 ἐπ’
585 1250 597 1293 c'
612 1250 663 1305 θεῷ.
674 1277 701 1285 -
715 1245 858 1303 ἰσχυρότεροι,
872 1262 906 1287 να-

135 1306 220 1358 lidiores)
235 1312 257 1346 ut
271 1307 357 1358 effugere
370 1310 466 1361 possimus
480 1313 541 1349 amm
556 1308 597 1357 ejus
612 1304 729 1345 accensum?
747 1304 843 1358 [Debilior
857 1304 906 1342 citra

132 1362 242 1413 periculam
255 1362 355 1403 irritatur:
369 1378 432 1412 sectis,
448 1363 538 1403 validior.
566 1361 592 1401 V.
603 1360 630 1415 g]

190 1421 248 1457 ολδ.
264 1417 376 1471 συμφέρει,
390 1418 504 1471 conducant)
518 1432 537 1456 v.
547 1422 579 1459 55.
601 1415 697 1462 Potestas,
712 1427 751 1465 qua
761 1409 826 1460 ’ἐξεςιν
836 1411 906 1459 omnia,

137 1469 194 1509 datur·
208 1482 220 1508 a
233 1471 288 1508 Deo:
302 1472 414 1527 συμφέρον,
429 1473 502 1512 utilitas
517 1476 546 1511 est
559 1484 612 1510 rnen:
627 1468 733 1519 οἰκοδομή,
748 1466 862 1515 aedificatio,
877 1470 907 1505 est

136 1525 222 1568 alterins.

189 1592 209 1617 v·
222 1583 253 1620 25.
272 1577 305 1631 Ἢ)
319 1580 383 1630 μηδὲν
402 1579 558 1632 ἄνακρίνοντες,
579 1578 628 1617 ννίληλ
644 1575 777 1628 dijudicantes)
799 1580 864 1615 utrum
881 1575 907 1614 sit

134 1632 276 1683 idolothytum,
295 1646 332 1672 nec
344 1648 375 1674 ne.
404 1636 469 1687 Saepe
484 1633 583 1674 cmiositas
600 1632 645 1684 plus
659 1636 724 1679 nocet,
744 1644 802 1682 quam
816 1629 906 1682 simplici-

134 1691 172 1726 tas.
184 1709 211 1716 -
225 1682 262 1726 διαί
276 1684 315 1737 νην
330 1690 460 1739 συνείδησιν,
474 1695 556 1741 propter
570 1684 710 1738 conscientiam)
731 1686 823 1734 alienam,
841 1699 860 1724 v.
873 1690 905 1728 29.

136 1742 167 1781 cui
181 1740 288 1780 consulitur
302 1744 443 1792 taciturnitate,
457 1756 482 1782 ne
497 1747 646 1783 commoveatur.

189 1800 249 1838 v.2(i-
265 1794 290 1834 τὲ
304 1798 376 1851 nupia,
390 1798 482 1851 Domini)
496 1811 535 1837 non
548 1798 647 1836 idolorum.
661 1793 786 1848 Pan-alae)
796 1799 820 1841 l,
835 1792 861 1834 tri
869 1808 906 1854 arr)-t

135 1849 169 1902 pla
183 1846 196 1900 ἡ
210 1850 237 1902 γῆ
251 1850 287 1890 καί
301 1848 326 1891 νδ
340 1848 441 1905 πλήρωμα
457 1848 528 1902 αὐτῆς.
542 1851 575 1890 Ps.
585 1856 617 1900 50,
627 1849 669 1903 (to)
679 1855 717 1897 12,
730 1844 769 1899 ἕμνδ
784 1842 825 1901 yde
836 1848 905 1895 ἒςινη

136 1904 234 1954 οἰσομένη
253 1904 288 1944 καί
306 1902 331 1947 td
344 1902 446 1961 πλήρωμα
461 1904 533 1957 αὐτῆς,
547 1931 575 1938 -
588 1900 703 1956 πλήρωμα,
719 1902 827 1954 plenitudo)
849 1902 907 1940 etiam

137 1971 203 2007 omncs
218 1957 261 1997 cihi.

158 2010 160 2012 ’
190 2026 209 2051 v.
218 2018 250 2054 27.
265 2011 335 2053 δελετε
349 2010 492 2069 ποροδεσθαι,
506 2015 563 2054 virttis
576 2013 613 2067 irc)
628 2013 653 2052 Id
662 2011 736 2052 Paulus
744 2025 784 2051 non
792 2011 852 2051 valde
863 2024 907 2063 pro-

136 2065 181 2116 hat,
196 2079 232 2105 nec
245 2066 341 2118 prohibet.
430 2113 431 2116 Ἴ

190 2135 209 2160 v.
219 2126 251 2164 28.
265 2115 303 2161 τδν
315 2119 440 2172 μηνύσαντα
455 2125 490 2163 καί
502 2118 546 2172 τήν
557 2122 686 2172 συνείδησιν,
704 2122 820 2160 indicantem
833 2127 851 2161 et
864 2134 907 2160 con-

136 2174 242 2226 scientiam)
258 2171 280 2214 ‘iv
296 2172 333 2215 διαί
348 2173 410 2216 δυοῖν.
425 2172 497 2226 μηνύω
510 2182 566 2216 notat
579 2177 672 2215 indicium
686 2176 715 2215 rei
729 2176 806 2215 serium.

191 2235 250 2272 v.29.
265 2222 303 2277 miv
318 2228 390 2280 ἑαυνέ)
407 2237 460 2269 tunm
473 2230 543 2280 ι’μσλιιε,
558 2232 602 2269 coll.
615 2244 634 2268 v.
645 2243 709 2281 praec.
724 2231 758 2269 uel
771 2230 845 2281 potius,
862 2228 908 2280 quia

136 2284 165 2324 ibi
179 2296 241 2324 sermo
257 2282 320 2321 estin
333 2283 413 2334 plurali,
428 2298 490 2322 nremn
503 2285 572 2335 ipsius,
588 2284 630 2323 coll.
642 2296 674 2332 eo,
689 2284 742 2335 quod
753 2298 800 2322 mox
814 2284 907 2334 sequitur.

136 2338 239 2393 -s‘rr'ps,
253 2338 341 2390 alterins)
357 2337 381 2376 de
396 2351 434 2391 quo
451 2352 470 2377 v.
480 2344 512 2383 28.
522 2364 549 2369 —-
563 2356 575 2388 η
590 2337 697 2392 ἐλευθερία
711 2353 749 2389 μυ,
765 2339 841 2377 libertas
855 2337 907 2388 naen)

136 2395 149 2433 i.
165 2408 181 2433 e.
198 2407 241 2445 epo,
261 2407 303 2432 cnm
317 2395 402 2432 libertate
417 2394 545 2432 conscientiae
558 2406 619 2433 meae.
634 2391 662 2431 sic
675 2406 729 2441 mox,
747 2394 771 2432 nb
786 2393 851 2432 aliena
865 2406 907 2432 oon-

136 2449 225 2494 scientz'a,
241 2447 265 2486 ab
280 2447 329 2496 alio,
344 2461 388 2486 cum
403 2449 444 2499 ejus
459 2448 577 2487 conscientia
590 2446 689 2498 impedita.
701 2472 727 2478 -
741 2447 843 2502 κρίνεται,
853 2448 908 2497 jndi-

137 2502 202 2552 catnr)
216 2501 229 2539 i.
244 2514 260 2539 e.
276 2502 393 2540 conscicntia
406 2503 458 2541 illius
472 2503 547 2542 infirma
560 2516 599 2541 non
611 2503 677 2555 potest
689 2514 753 2540 meam
771 2502 908 2541 conscientiam

136 2557 228 2597 libertate
242 2554 326 2606 privare.
335 2580 360 2586 —
371 2553 443 2607 α’λλης)
459 2558 530 2596 aliena.
557 2557 602 2596 Hoc
615 2557 655 2596 vim
664 2557 725 2596 hahet
732 2557 834 2608 majorem,
850 2570 908 2609 quam

138 2612 155 2652 si
169 2609 260 2656 dixisset,
275 2610 360 2648 alterius⁴
441 2615 442 2618 ’

191 2679 210 2704 v.
219 2669 252 2707 50.
267 2658 317 2715 ἐμοί,
332 2664 376 2715 epo)
390 2662 434 2702 Hoc
442 2663 489 2702 facit
504 2664 529 2703 ad
539 2671 658 2716 potestatem.
669 2688 695 2694 -
708 2663 728 2703 τί
741 2662 909 2716 βλασφημέμαι,·

137 2721 185 2773 qaid
197 2718 344 2771 blasphemat]
361 2717 385 2757 ah
401 2731 433 2767 eo,
449 2719 482 2771 qui
495 2719 606 2759 hhertatem
619 2732 658 2758 non
673 2718 731 2771 capit.
746 2719 758 2757 i.
767 2731 783 2757 e.
798 2731 855 2758 nemo
866 2724 908 2772 pot-

138 2782 167 2815 est
184 2788 215 2814 me
233 2774 372 2826 reprehendere
392 2773 438 2823 (sed
456 2775 536 2825 gravius
555 2780 585 2814 est
603 2772 743 2827 βλασφημεῖν]
765 2774 821 2825 quasi
842 2779 908 2815 contra

136 2845 199 2871 ntenm
213 2828 350 2869 conscientiam
361 2827 437 2867 faciam.
449 2851 475 2859 —-
491 2825 542 2881 ὑπὲρ
557 2825 589 2878 οὗ,
602 2829 702 2880 proquo)
716 2827 728 2866 i.
737 2840 753 2866 e.
769 2843 803 2868 cur
816 2843 853 2881 pro
864 2843 908 2869 mea
922 2841 928 2848 ·

162 2964 179 3009 t)
197 2963 269 2997 Inversa
286 2961 356 3004 ordine,
375 2956 497 2995 εἰδωλόθυτον
511 2960 665 3005 praeponendum,
683 2959 756 2997 εἴδωλον
770 2962 909 3007 postponendam

198 3023 241 3054 csse,
258 3011 349 3054 utriusque
365 3009 397 3042 Ed.
414 3013 474 3053 morpo
492 3008 559 3043 irrnait:
577 3009 607 3045 sed
619 3010 707 3046 lectionem
719 3016 775 3046 learns
791 3011 841 3046 Vcrs.
854 3024 908 3057 germ.

198 3060 280 3103 sanctitur.
305 3058 325 3092 E.
338 3060 358 3093 Β.

150 3108 179 3155 aa)
197 3108 244 3151 πᾶν,
257 3106 313 3153 antire)
326 3108 349 3143 ad
361 3106 478 3151 differentiam
491 3106 570 3142 ciborum
582 3106 628 3153 quod
640 3109 710 3153 attinet,
723 3119 741 3143 a
754 3112 783 3147 26.
810 3107 830 3144 V.
842 3120 859 3154 ς.
