1922 3513
312 278 319 282 w
337 225 405 262 neon.
417 226 438 270 V,
451 232 523 266 e-ro.
781 231 815 265 195

47 319 123 365 tantm„
140 315 284 367 profectionem·
302 340 330 361 ,-
348 318 476 374 ἕκδημιῖμια)
492 321 649 375 pereprr'nurnur.
676 320 701 359 In
718 320 755 360 hoc
772 321 816 373 ipso

47 369 109 409 verbo
121 369 170 410 latet
180 384 239 411 causa
245 373 336 424 fiduciae.
350 387 395 414 nam
403 376 539 428 peregrinator
547 375 632 429 petriam
644 373 711 422 habet,
726 376 768 415 sire
777 376 816 415 cito
848 416 851 418 ,

48 425 90 465 siue
102 425 178 467 tardius
192 439 214 465 eo
223 433 357 478 perventurus.
372 430 433 470 Hebr.
443 436 474 480 M,
483 435 514 476 llt·
529 453 558 461 —
571 426 616 472 cinti
630 428 657 472 rui
670 428 738 484 rupis,
753 444 766 469 ιι
775 432 816 470 Do·

48 479 107 532 raino)
122 478 204 520 Christo.
219 481 270 521 Phil.
280 488 297 532 1,
305 484 337 526 25}
524 525 533 533 x

101 548 121 573 v.
130 540 148 578 7·
164 531 201 580 diei
214 536 297 587 πίςεως,
308 553 347 589 per
353 539 423 593 fldem)
437 539 482 579 Non
495 540 569 588 videre,
585 551 647 607 prope
657 538 773 577 tantundem
781 544 816 588 est,

48 593 106 639 atque
119 588 295 641 disjunctnm'esse.
309 614 337 621 -
350 591 398 647 γαρ,
412 595 471 647 errius)
485 595 529 634 Rei.
544 594 570 633 ad
585 591 636 642 α’πυ,
651 606 670 632 a.
684 614 712 621 —
725 607 818 644 περιπα-

48 644 118 694 ιὲμια,
132 644 259 697 ambulamus)
273 646 293 684 in
307 647 383 686 mundo.
413 644 452 698 sic‘,
465 643 604 703 πορεύεσθαι,
618 648 667 688 Luc.
676 653 708 696 ts,
717 652 749 690 55.
763 644 817 687 -ἑ

48 693 85 738 diui
99 698 160 747 rideo,
174 714 214 739 noa
220 713 259 751 per
272 701 359 754 speciem)
374 701 436 741 LXX
451 711 512 745 :tenta
527 704 628 751 visionem,
644 691 761 754 dispectum,
776 716 818 754 spe-

47 752 102 801 ciem,
116 757 196 793 vertunt
209 754 267 800 εἶδος.
285 755 325 795 vid.
339 756 444 809 praecipue
457 755 514 796 Num.
524 762 555 806 12,
563 762 594 800 8.:
609 756 632 798 iu
646 757 708 805 rides,
723 757 759 797 καὶ
771 754 784 797 s'
799 757 821 797 δι’

48 803 177 858 αἰνιγμάτων
195 809 216 847 it.
230 809 267 847 Ex.
277 812 309 858 24,
320 816 351 854 17.
380 810 508 863 Opponuntur
525 812 576 851 inter
594 824 616 851 se
633 811 682 850 fides
698 816 717 849 et
732 811 819 862 species:
862 840 865 852 ..

46 858 95 898 fides
108 859 129 898 in
142 868 204 901 morte
218 864 320 904 terminum
333 865 402 913 habet,
417 867 436 904 h.
448 866 461 904 l.
474 865 528 916 Ergo
542 871 583 904 tum
597 865 666 918 incipit
680 866 763 916 species.

101 927 120 952 v.
129 920 147 958 8.
163 916 192 965 δὲ,
206 916 259 967 nero)
270 919 360 969 Epitasis.
376 919 419 958 coll.
433 933 452 958 v.
460 925 479 961 6.
490 925 530 958 not.
539 941 568 948 -
581 916 702 972 εὐδοκέμεν)
717 921 745 958 ito
754 920 818 958 decre-

47 973 86 1006 trnn
99 969 200 1019 sanemus,
219 972 275 1011 onlde
287 979 364 1024 pratum
378 974 430 1012 nobis
438 976 492 1021 fore.
506 996 534 1002 —
547 972 674 1024 ἐνδημῆσαι)
692 975 769 1013 donnum
782 974 816 1013 ire.

47 1036 66 1060 v·
75 1026 93 1064 6.
105 1028 145 1061 not.
159 1047 188 1054 -ψ
200 1021 254 1076 πρός
268 1026 305 1067 τόν
319 1024 399 1076 κύριοι,
414 1029 442 1066 ud
454 1027 568 1081 Dominum)
582 1027 634 1066 Phil.
642 1032 661 1074 d,
671 1034 703 1070 23.
741 1025 744 1029 ’

101 1074 196 1120 ventui
210 1080 254 1129 nul,
273 1081 314 1121 ideo
333 1080 397 1133 etianr)
417 1086 439 1120 ut
456 1095 592 1133 assequamur,
613 1081 666 1133 quod
680 1087 775 1133 optemus.
789 1104 818 1110 -

48 1128 212 1191 (priorisse'petlo,
227 1135 363 1188 contendimus)
377 1135 432 1175 Haec
446 1150 485 1174 nna
497 1136 612 1188 φιλοτιμία,
628 1136 669 1175 sive
679 1137 755 1176 ambitio
768 1135 817 1187 legi-

47 1188 100 1222 tuna.
114 1187 195 1237 ——jei‘rs
202 1218 208 1235 ,
224 1189 270 1240 siue)
286 1190 360 1229 Constr.
376 1203 419 1228 eum
432 1191 477 1229 berre
487 1192 587 1240 pincentes
600 1203 645 1228 esse.

176 1268 188 1292 p
200 1262 228 1270 ——
241 1242 373 1295 s’rdnpirrre,
388 1244 439 1282 donzi
451 1243 558 1294 uersantes)
572 1242 593 1280 in
607 1255 694 1295 corpore.

131 1343 133 1345 ,
200 1318 228 1324 -
240 1296 374 1346 intentata,
390 1297 507 1350 deeedentesl
522 1310 547 1334 ex
562 1309 650 1347 corpore.

46 1369 74 1376 -
88 1344 198 1402 εὕοίρεςοι,
213 1350 374 1403 beneplacentes)
388 1351 504 1402 praesertim
517 1351 537 1388 in
551 1350 663 1388 ministerio.

102 1415 121 1440 V·
130 1408 162 1444 lO-
177 1398 213 1449 uie
227 1401 269 1457 γαρ
284 1401 376 1453 πάντας)
392 1418 456 1444 ornnes
470 1403 528 1456 ereirn)
544 1403 695 1452 Gonuenienter,
711 1402 817 1450 demeris,

47 1458 188 1496 resurreetione
203 1459 276 1498 etrite
290 1465 369 1497 aeterna
383 1472 454 1511 egens,
470 1458 528 1497 etiam
542 1458 567 1497 de
579 1458 653 1509 judicio
668 1457 746 1509 cogitat.
775 1456 818 1495 Mo-

46 1510 108 1549 tivum
121 1516 199 1551 sanctae
212 1512 265 1557 illius
279 1514 391 1553 ambitionis.
405 1535 433 1541 -
447 1508 530 1559 πάντας
544 1509 608 1564 ἡμᾶς,
623 1527 686 1552 ornnes
701 1511 743 1564 nos)
760 1511 819 1550 etiam

47 1565 152 1616 apostolos,
167 1567 363 1620 siveperegrinantes
372 1569 414 1608 siue
424 1567 547 1607 decedentes.
561 1589 589 1595 -
603 1565 764 1621 φανερωθῆναι)
779 1579 819 1604 non

47 1619 105 1658 modo
119 1634 230 1672 conepmrere
244 1622 263 1661 in
277 1637 366 1674 corpore,
387 1623 422 1662 sed
440 1623 494 1661 orani
504 1627 551 1661 estos
563 1622 612 1674 fleri
629 1635 672 1661 eum
690 1621 775 1660 occultis
784 1633 817 1658 no-

48 1674 98 1713 stris.
115 1675 177 1718 1Cor.
185 1679 204 1723 lr,
212 1681 230 1719 5.
259 1678 323 1716 Etiam
337 1683 418 1729 peccata
432 1677 519 1716 fidelium
530 1677 606 1728 pridem
619 1676 700 1715 remissa
713 1674 816 1727 patebunt.

47 1742 92 1768 nam
106 1731 167 1769 multa
182 1731 310 1770 eorumbene
324 1732 381 1780 iacta,
395 1732 520 1785 poenitentia,
535 1731 621 1770 vindicta
631 1735 697 1770 eontra
707 1734 816 1781 peccatum,

47 1788 69 1821 nt
82 1784 140 1835 plane
155 1784 295 1837 dispaleseant,
310 1788 411 1838 requirunt
425 1786 563 1825 revelationem
576 1791 707 1837 peceatorum.
730 1783 758 1822 Si
772 1784 817 1835 quis

46 1836 101 1877 fratri
114 1839 190 1890 ignovit
204 1840 304 1888 offensam,
320 1842 377 1880 etiam
392 1841 465 1879 offensa
479 1839 554 1891 patebit
567 1846 603 1879 etc.
633 1839 673 1878 Sed
687 1839 708 1878 id
721 1839 754 1877 fiet
768 1838 816 1889 ipsis

46 1892 162 1941 uolentibus,
178 1894 219 1933 sine
232 1895 308 1947 pudore
322 1894 427 1934 et'dolore.
442 1908 487 1932 nam
501 1899 557 1932 erunt
571 1895 614 1941 alii,
630 1908 653 1934 ac
666 1892 750 1932 fuerant.
778 1892 817 1931 Re·

46 1946 117 1986 velatio
126 1948 161 1986 illa
171 1949 210 1995 fiet,
224 1949 323 1997 indirecte,
339 1950 364 1988 ad
374 1950 466 2001 majorem
477 1961 544 1987 eorum
551 1949 637 1988 landem.
666 1946 817 1987 Consideremus

46 2012 87 2039 rem
102 2001 165 2040 altius.

100 2053 119 2104 ὅ.
135 2061 153 2098 1.
180 2055 240 2094 Dicto
256 2056 363 2108 scripturae
382 2069 449 2096 sacrae
468 2055 492 2094 de
506 2056 619 2095 remissione
633 2060 758 2109 peecatorum
772 2060 817 2094 sunt

44 2106 103 2158 longe
121 2109 301 2159 significantissime.
329 2111 414 2149 Peccata
432 2117 534 2162 teguntur:
552 2125 592 2150 non
611 2111 742 2163 reperientur:
756 2111 817 2160 *jacta

45 2169 89 2199 sunt
103 2168 216 2201 retrorsum:
234 2164 254 2202 in
267 2164 339 2216 pelago
354 2164 453 2204 demersa:
473 2164 567 2218 dissipata
585 2170 607 2204 ut
620 2165 683 2204 nubes
698 2178 721 2203 ue
734 2164 816 2203 nebula:

45 2214 85 2252 sine
99 2217 239 2256 recordatione.
267 2220 338 2270 ltaque
353 2219 406 2271 apud
416 2232 488 2267 omnes,
504 2220 537 2270 qui
551 2221 571 2258 in
582 2219 657 2272 judicio
671 2219 767 2258 adextris
778 2223 817 2257 sta-

44 2268 102 2318 bunt,
117 2284 142 2309 ne
157 2275 232 2310 atomus
247 2273 325 2323 quidem
340 2274 416 2326 peceati
429 2273 524 2312 haerebit.
699 2314 701 2319 ,

99 2322 118 2374 ξ.
133 2331 152 2368 2.
180 2325 279 2376 Vicissim,
294 2328 353 2367 Dicta
362 2329 386 2367 de
395 2328 485 2367 omnibus
493 2327 578 2366 omnium
587 2327 686 2365 hominum
695 2325 787 2378 operibus
796 2326 816 2366 in

41 2376 136 2427 judicium
144 2379 266 2431 proferendis
274 2388 319 2422 sunt
330 2383 453 2422 universalis.
467 2383 558 2437 Ecum,
565 2385 596 2425 tls.
606 2381 663 2420 Rom.
669 2384 700 2429 ll,
707 2387 738 2423 10.
751 2380 815 2423 teor.

44 2437 62 2480 ὅ,
73 2437 273 2541 15ξ.88ἑ.4,ὃααέξιῑίῐ
284 2490 339 2530 loeus
355 2489 416 2533 acor.
425 2493 443 2538 5,
453 2495 490 2538 10„
506 2489 539 2529 ubi
554 2489 654 2541 apostolus
666 2501 691 2527 ex
704 2487 816 2528 manifesta-

44 2539 96 2581 tione
110 2543 200 2593 omuium
215 2546 257 2584 sive
272 2545 349 2586 domum
363 2545 448 2584 euntium
460 2545 502 2584 siue
515 2544 686 2597 peregrinantium,
703 2544 816 2583 coremur-

43 2593 111 2637 bunali
120 2596 198 2648 Christi,
211 2599 269 2639 infert
280 2599 414 2639 Tritonum
419 2600 498 2638 Domini
510 2613 533 2639 ac
542 2599 626 2648 Judieis,
641 2613 660 2639 v·
669 2604 701 2642 ll·
710 2605 747 2647 ta,
763 2612 815 2637 eum·

67 2749 89 2805 ξ)
100 2750 201 2787 Lectionum
213 2754 249 2793 εἴτε
262 2751 378 2797 iniquitates
388 2753 423 2787 εἴτε
437 2750 553 2797 ι’νδημὲντες,
569 2752 637 2787 inverso
650 2751 719 2793 ordine,
735 2757 815 2797 receptae

103 2805 159 2834 tentus
171 2801 240 2836 lectioni
252 2802 342 2846 aequalem
355 2800 444 2835 constituit
455 2802 546 2844 utriusque
557 2801 644 2834 Editionis
656 2811 722 2843 usurpo.
749 2799 815 2841 Quodsi

103 2848 143 2882 Not.
156 2851 194 2882 erit.
207 2849 284 2894 (Appon
296 2850 329 2883 Ed.
342 2850 364 2883 ΙΙ.
376 2850 397 2883 Ρ.
406 2850 437 2882 IV.
449 2861 487 2883 nro.
499 2850 546 2883 XIV.
559 2861 576 2893 p·
585 2848 632 2891 895.)
646 2859 684 2881 curn
696 2848 746 2881 Vere.
759 2859 814 2892 germ.

103 2902 222 2940 conspueretur:
242 2898 311 2931 uidetur
328 2898 343 2930 b.
355 2898 420 2931 Auctor
437 2903 453 2930 et
469 2897 549 2930 ordinem
560 2902 576 2929 et
587 2896 706 2939 significatum
718 2895 814 2939 uerborum,

102 2945 171 2987 qualem
181 2945 262 2978 Gnomon
274 2945 349 2988 celtiber,
363 2950 426 2990 posteo
437 2951 517 2979 miricae.
541 2944 588 2977 nram
600 2943 639 2976 Not.
653 2944 691 2976 erit.
704 2942 765 2976 taber:
783 2944 814 2977 ἐν-

103 2989 199 3035 deuiam.
216 2993 287 3026 domum
299 2998 365 3036 euntes,
378 3004 414 3027 non
426 2993 472 3026 domi
485 2997 583 3032 versantes3
601 2996 617 3024 et
628 2991 678 3024 Vens.
691 3001 757 3035 germ:
774 2991 815 3026 Wir

102 3041 167 3084 mdgen
178 3042 197 3075 in
210 3040 325 3076 derFremde
338 3052 382 3087 seyn
399 3042 418 3087 (i.
430 3051 444 3076 e.
458 3038 572 3086 desipuisses)
590 3038 631 3072 oder
643 3038 750 3084 heimgehen
767 3041 786 3086 (i.
799 3052 814 3074 e.
861 3059 864 3063 ·

103 3086 224 3134 ἐνδημένῐις).
248 3089 269 3123 E.
281 3089 301 3122 B.
622 3129 644 3173 N

659 3136 671 3159 o

659 3159 671 3173 Α
