1922 3513
324 227 334 259 ν
346 220 396 255 con.
408 220 443 264 m,
457 225 530 260 7,-44,
776 224 810 257 ιιι

43 311 132 365 hilarem)
146 312 185 351 Dei
198 312 285 353 similem.
305 315 363 356 Prov.
373 324 404 365 22,
413 323 432 360 9.
442 315 511 366 LXX,
526 312 595 370 ν’ίνδρα
610 308 683 367 ι’),αρδν
698 311 734 353 καί
748 308 811 362 δδτην

44 364 119 420 οἷγαπᾷ
133 367 200 421 (Alex.
214 365 306 422 εὗδογεῖ)
321 367 332 412 ὁ
347 370 403 418 θεός.

97 435 116 459 v.
131 427 149 464 8.
164 421 237 462 πᾶσαν
251 418 324 476 χοίριν,
342 439 417 464 ‘omnent
428 424 521 477 pretium)
541 423 600 462 etiam
616 422 637 461 in
649 421 706 461 bonis
721 420 812 459 externis.

43 496 71 503 -
83 475 232 529 περισσεῦσαι)
246 478 373 519 abundantem
386 482 472 528 reddere,
487 480 545 518 etiam
560 478 607 516 dnm
620 474 725 528 largimini.
733 496 761 503 -
772 478 813 523 ἵνα,

43 529 72 582 ut)
86 529 151 568 Datur
164 530 225 578 nobis,
240 536 259 569 et
273 531 371 582 habemus,
385 548 424 573 non
439 540 461 573 ut
475 534 588 581 habeamus,
605 531 641 571 sed
654 535 677 569 nt
690 530 741 568 bene
755 528 813 567 facia-

43 597 93 623 mus.
122 583 192 624 Omnia
205 584 226 623 in
239 585 278 625 hae
290 588 336 636 vita,
353 589 410 628 etiam
424 588 521 640 praemia,
537 592 582 627 sunt
596 586 670 626 semina
683 582 779 630 fidelibus,
794 583 815 621 in

43 651 126 678 messem
139 638 229 678 futuram·
238 663 266 670 -
275 638 410 697 αὐτάρκειαν,
423 642 564 692 sufficientiam)
578 646 648 681 utnon
661 638 736 691 egeatis
750 638 815 677 aliena

44 693 176 733 liberalitate:
201 694 246 733 Huc
263 696 297 734 rei.
312 711 391 747 partem.
409 711 428 737 v.
444 703 476 741 lt).
495 722 523 729 -
543 690 645 750 dyatdv,
664 692 742 746 borean)
767 704 815 744 erga
859 699 863 713 '

45 753 131 799 egentes.
159 748 205 787 Hue
224 748 258 788 rei.
272 764 340 790 sennen.
356 765 376 790 v.
391 757 423 794 ll).

98 816 118 841 v.
133 808 152 845 9.
167 798 298 854 ε’σκόρπισεν,
312 806 392 858 sparsit)
404 805 493 845 Verbum
502 816 628 856 generosum:
642 815 741 854 sparpare,
755 800 815 852 plena

44 870 109 905 manu,
124 856 165 895 sine
175 858 233 895 anxia
244 859 365 909 cogitatione,
380 873 472 912 quorsum
483 859 633 910 singulagrana
642 857 719 897 cadant.
739 856 815 906 Estque

45 911 175 961 metonymia:
189 913 266 962 sparsit,
281 913 293 951 i.
304 927 320 952 e.
336 927 411 967 semper
421 914 487 962 habet,
500 913 554 965 quod
568 917 654 964 spargat.
675 911 727 951 Sane
734 910 814 949 Psalmo

46 970 91 1012 tta,
106 971 125 1006 9-
142 970 171 1004 esi
184 979 230 1017 pers
244 968 380 1018 promissionis.
392 980 418 998 -’
434 965 447 1018 ηι
462 962 588 1015 δικαιοσύνη
603 963 663 1015 uitri,
672 965 751 1016 justitia
764 962 814 1016 ejus)

40 1019 128 1069 justitia,
146 1019 159 1057 i.
175 1032 191 1057 e.
203 1020 335 1060 beneficentia.
354 1036 373 1060 v.
388 1036 428 1074 seq.
458 1022 529 1060 Striete
543 1021 580 1059 hoo
598 1025 686 1060 notatum
702 1024 737 1058 est.
765 1018 815 1057 Plus

46 1079 76 1112 est
85 1074 168 1123 justitia.
182 1074 286 1123 --με’νει,
300 1076 371 1129 tutariet)
387 1076 508 1124 inexhausta,
523 1075 610 1122 inoblita,
624 1074 759 1125 indefatigata.
772 1087 780 1093 ·’

100 1142 119 1165 v·
135 1134 167 1170 to.
182 1124 192 1169 ὁ
208 1130 243 1179 δὲ)
258 1129 317 1168 Dens.
333 1155 357 1160 —
377 1129 520 1183 ἐπιχορηγῶν,
538 1128 672 1181 suppeditans)
687 1127 816 1167 Abundantia

47 1187 82 1229 est,
97 1183 150 1233 quod
163 1194 229 1220 semen
244 1182 311 1233 datur3
325 1184 387 1236 panis,
401 1184 528 1231 necessarius,
543 1185 611 1235 utique
626 1183 684 1221 datm·
698 1182 758 1233 prins.
783 1181 815 1219 In-

46 1237 88 1275 nuit
102 1236 185 1284 Paulus,
204 1238 329 1289 promissione
346 1239 433 1287 seminis,
446 1239 503 1289 vquae
517 1238 578 1276 verbo
598 1238 689 1287 dispersit
707 1236 816 1283 denotatur,

46 1291 179 1342 praesupponi
193 1292 251 1330 etiam
264 1293 489 1344 promissionempanis:
504 1291 540 1330 sed
553 1292 612 1342 plura
627 1291 687 1329 addit.
716 1290 752 1328 Est
767 1290 818 1327 euim

46 1346 67 1384 in
80 1350 136 1384 textu
151 1345 257 1385 chicsmns:
271 1347 331 1395 Dens,
348 1348 381 1399 qui
394 1346 546 1385 exhibetsenien
558 1345 666 1389 seminanti,
680 1343 784 1396 praebebit
799 1348 818 1382 et

46 1399 184 1450 multiplicabit
197 1413 259 1440 senen
274 1408 366 1441 oestrum:
386 1401 419 1452 qni
434 1399 515 1439 exhibet
525 1413 599 1450 panem
613 1400 633 1438 in
647 1399 721 1446 eibum,
737 1398 818 1449 augebit

46 1454 134 1505 perunna
146 1454 233 1504 justitiae
248 1461 335 1503 vestrae,
350 1456 433 1494 animam
448 1454 551 1505 pascentis.
568 1454 622 1493 cibus
637 1454 722 1501 animae,
734 1453 817 1504 justitia.

47 1508 118 1547 Matth·
132 1513 150 1556 5,
165 1513 184 1551 e.
199 1514 217 1556 6,
231 1514 263 1551 et.
279 1515 312 1552 55·
331 1506 474 1562 ἐπιχορηγεῖν,
492 1509 616 1559 suppeditare
633 1508 694 1547 habet
711 1507 818 1558 emphasin,

48 1562 83 1602 sed
97 1562 141 1614 plus
156 1567 186 1600 est
199 1564 300 1616 χορηγεῖν,
315 1565 368 1610 dare,
384 1562 451 1602 addito
466 1562 527 1600 verbo
542 1557 669 1612 πληδιίιειν,
683 1562 817 1612 multiplicare.

48 1612 140 1670 Σπόρος,
152 1630 220 1664 seneen,
235 1623 331 1668 qrratenus
343 1630 389 1668 opes
398 1617 431 1669 pie
441 1616 569 1655 collocantur:
583 1610 709 1669 γεννήματα,
717 1616 817 1667 permina,

48 1671 109 1708 omnis
118 1676 223 1721 proventus
236 1672 342 1723 spiritualis
353 1677 372 1710 et
384 1671 489 1722 corporalis
499 1670 644 1716 benedictionis,
660 1670 728 1708 exilia
738 1671 817 1709 satione.

48 1724 104 1763 Haeo
118 1725 245 1764 distinctionis
259 1727 319 1774 ratio,
334 1732 356 1765 ut
369 1731 454 1777 ponatur
469 1739 542 1763 comma
555 1729 600 1777 post
613 1724 705 1777 βρῶσιν,
720 1737 758 1763 non
772 1729 817 1776 post

48 1775 168 1833 χορηγήσει,
180 1779 255 1830 jamin
269 1780 371 1832 Apparatu
385 1785 452 1818 notata
467 1785 501 1817 est.
515 1802 542 1807 —-
560 1779 596 1818 καί
609 1775 686 1829 deuon,
707 1785 725 1816 et
735 1778 817 1830 panant)

48 1833 81 1871 Es.
90 1837 172 1880 55,lO.:
187 1834 225 1879 ἕως
239 1833 266 1873 σίν
281 1835 311 1887 δῷ
326 1831 347 1886 (δ
362 1829 432 1881 tietdo]
445 1834 526 1886 σπέρμα
540 1833 571 1884 τῷ
585 1835 692 1883 σπείροντι
702 1833 738 1871 καί
752 1830 818 1883 ἄρτον

48 1888 78 1932 εἰς
91 1886 179 1940 βρῶσιν
195 1913 220 1919 —-
238 1884 360 1941 χορηγήσει)
379 1889 436 1926 dabit.
463 1886 620 1938 indicativust)
640 1884 736 1930 Corinthii
752 1887 819 1925 locum

48 1940 171 1991 praebebunt
185 1941 263 1979 divinae
281 1941 376 2005 largitati,
396 1942 476 1979 ethaeo
490 1954 511 1979 se
525 1941 548 1979 iis
569 1939 684 1992 praestabit.
698 1961 726 1969 -
745 1937 819 1994 γεννή-

47 1996 115 2045 ματα)
130 1994 163 2033 Sic
173 1994 241 2043 LXX,
256 2010 373 2046 γεννήματα
389 1991 531 2045 δικαιοσύνης.
545 1995 594 2033 Hos.
610 2001 642 2042 10,
657 2001 689 2037 12.

102 2062 121 2087 v.
136 2054 168 2090 ll.
183 2045 339 2098 πλατιζόμειον,
359 2050 426 2099 opibus
438 2049 556 2101 crescentes)
575 2049 653 2088 Pendet
670 2049 694 2087 ab
713 2049 818 2089 abundetis.

40 2115 67 2140 .v.
78 2106 97 2144 8.
111 2102 218 2140 Praesens:
232 2102 282 2153 plus,
298 2115 361 2153 quam,
375 2104 507 2151 sufficientiam
521 2105 615 2147 babentes,

101 2169 120 2193 v.
137 2161 168 2197 12.
183 2151 195 2204 ἦ
211 2156 307 2197 διακονία
322 2158 359 2206 τῆς
373 2158 490 2212 λειταργίας
505 2153 593 2208 τατίτης)
612 2158 691 2197 Deeora
705 2157 818 2210 appellatio.

34 2209 160 2261 iuuepyla,
174 2208 246 2249 iunctio
261 2210 312 2261 ipsa:
330 2211 434 2260 διακονία,
449 2219 508 2251 aenis.
521 2234 549 2240 -
562 2213 767 2265 npoouunnlnpdou‚
779 2226 820 2252 atn-

45 2263 99 2312 pltus
112 2263 196 2316 supplet)
210 2264 376 2316 Deeompositum.
405 2266 469 2305 Etiam
484 2266 561 2305 aliunde
575 2267 715 2317 supplebantur
729 2268 819 2315 affectius.

48 2338 75 2345 -
86 2317 178 2369 πολλῶν)
192 2318 337 2358 Foemininum:
349 2321 458 2359 ancillarum.

102 2384 121 2409 V·
137 2377 169 2414 15-
185 2374 283 2426 δοκιμῆς)
298 2375 434 2413 doercrneuturn.
444 2402 471 2408 -
486 2369 611 2422 δοξάζοντες,
624 2373 676 2425 ploni
688 2373 760 2426 curetes)
775 2374 820 2413 Hoc

48 2424 121 2474 pendet
136 2439 161 2464 cx
173 2428 284 2479 prutiaruni
297 2429 386 2475 actiones,
400 2435 461 2471 v.12.
489 2429 563 2467 lterum
578 2441 634 2466 casus
648 2434 719 2476 rectus,
733 2429 763 2467 uti
774 2443 791 2467 c.
800 2434 819 2477 8,

49 2484 81 2520 25.
95 2485 134 2519 not.
158 2481 193 2522 ἐπὶ
210 2482 237 2537 τῇ
252 2478 349 2538 ὑποταγῇ
362 2484 399 2532 τῆς
418 2479 528 2534 ὁμολογίας
542 2481 612 2534 ὑμῶν,
631 2497 690 2534 senten
707 2484 820 2535 subjectione

49 2536 173 2583 corp‘essionis
186 2536 269 2589 uestrae)
283 2536 352 2576 Rebus
371 2537 418 2588 ipsis
437 2536 544 2589 professuri
558 2542 624 2585 erant,
644 2550 665 2576 se
679 2551 820 2589 recognoscere

48 2586 163 2629 beneficium
178 2591 265 2630 divimrm
279 2591 317 2630 sibi
333 2592 353 2630 in
368 2592 470 2643 evangelio
483 2592 604 2643 praestitum.
635 2590 660 2645 [et
673 2593 733 2631 uictas
747 2594 820 2632 dedisse

48 2644 105 2682 uerbo
117 2647 199 2697 pratiae.
214 2645 239 2684 V.
254 2645 281 2700 g.)
296 2672 323 2678 -
338 2645 373 2686 καί
387 2648 416 2692 είς
430 2641 520 2695 uolutus,
535 2652 553 2685 et
566 2647 586 2685 iu
604 2646 675 2698 ornares)
692 2647 729 2696 Qui
743 2647 821 2698 aliquos

49 2703 126 2738 sanctos
140 2700 234 2739 beneficio
248 2701 317 2749 afficit,
337 2714 359 2739 eo
374 2700 416 2752 ipso
435 2713 501 2739 omnes
521 2700 585 2740 afficit.
614 2700 708 2740 Omnibus
727 2701 779 2740 enim
799 2715 820 2741 se

49 2749 115 2792 favere
130 2755 221 2794 ostendit.

102 2821 122 2847 v.
137 2812 169 2853 tt.
185 2807 266 2858 δεήσει,
285 2809 378 2861 oratione)
401 2809 507 2857 Construe,
529 2810 582 2861 pleri
594 2815 657 2848 earnes
678 2822 737 2860 super
755 2824 821 2850 eorum

49 2862 141 2903 oratione.
168 2877 214 2903 nam
233 2864 307 2915 gratias
325 2865 401 2915 agimus
420 2863 479 2902 etiam
495 2875 531 2915 pro
546 2863 674 2910 orationibus,
695 2877 746 2915 quae
763 2865 820 2904 nobis

50 2913 107 2957 datae
122 2923 172 2959 sunt.
191 2918 264 2960 amm.
280 2925 297 2967 l,
310 2924 328 2961 5.
343 2945 369 2952 -
387 2913 548 2968 inenode‘utuv,
568 2918 723 2972 desiderantium)
744 2918 820 2959 Constr.

78 3049 95 3094 l)
110 3049 149 3096 Qui,
161 3062 209 3085 secus
222 3060 242 3083 ue
254 3050 274 3084 in
286 3050 318 3084 Ed.
332 3051 374 3094 maj.
382 3050 453 3096 factitat
459 3050 527 3096 fuerat,
540 3055 575 3084 tan
587 3048 607 3085 in
617 3049 649 3085 nd.
659 3056 676 3088 2.
688 3056 726 3086 nrm
738 3052 758 3087 in
770 3053 820 3089 Vers.

109 3110 164 3143 germ.
172 3099 280 3145 prodentur.
304 3099 325 3133 E.
337 3100 358 3134 B.
633 3143 652 3187 Ο

663 3151 676 3188 2
