1922 3513
324 234 380 270 ROM.
392 233 431 275 VH,
446 236 529 271 15-25·
791 231 816 266 47

0 298 9 314 t,

45 345 89 384 dam
111 337 224 390 quamhoe.
252 330 306 371 Illud
319 330 397 383 ponitur
410 327 441 367 bis
455 326 476 365 in
485 323 589 378 praesenti,
604 322 717 375 primumin
729 327 815 373 negante

0 388 8 434 {3
45 372 139 441 sermione,
154 389 224 429 demde
238 388 259 426 in
273 386 386 425 affirmante.
401 380 414 423 ὁ
428 380 525 435 πρόσσω,
540 392 580 418 aron
594 391 642 430 apo,
656 390 688 415 res
702 390 741 415 non
755 377 815 416 dedu-

0 434 8 452 ξ’
63 456 94 489 tur
104 449 124 486 in
134 450 207 484 actum:
221 440 284 489 ποιῶ,
292 440 356 489 socie,
370 438 422 476 intus
433 441 452 474 et
462 439 523 473 extra.
545 433 685 472 Permutantur
695 431 744 469 haec
753 432 815 471 verba

44 520 62 543 v,
71 509 102 545 19,
118 514 134 538 α,
143 505 174 545 15,
183 504 201 541 5.
209 510 224 536 s.
243 496 331 545 haecque
345 491 462 546 permutatio
480 501 519 528 non
532 493 609 527 tantum
621 499 661 525 non
676 485 771 536 centraria
786 491 815 524 est

44 556 103 597 indoli
117 553 209 592 orationis
223 550 295 590 sensim
309 545 437 592 ascendentis,
452 544 488 583 sed
503 544 561 582 etiam
572 555 615 581 earn
626 541 708 592 adjuvat
719 544 738 578 et
749 540 815 578 confir-

43 616 88 651 mat.
102 620 185 659 namque
199 619 218 644 v.
227 609 259 647 15.
273 602 361 642 nondum
374 602 402 640 ita
416 598 498 638 acerbus
509 594 617 637 est'sensus
625 596 678 644 mali,
693 594 746 647 qnod
757 607 815 646 prop-

0 652 6 706 3
43 672 97 705 terea
106 675 130 701 ne
141 661 227 699 nominat
237 658 321 710 quidem,
336 655 372 695 sed
386 669 404 693 v.
413 660 445 697 19,
460 652 519 692 valde
527 653 569 704 jain
578 663 637 703 aegre
649 650 688 689 fert
696 651 769 688 anatona
778 649 816 688 sibi

43 721 71 758 ita
83 719 188 768 imponere.
217 714 260 763 Quo
274 712 352 763 longius
366 710 430 748 anima
444 722 456 746 a
469 709 520 747 analo
530 707 595 754 distet,
611 719 634 744 eo
643 706 707 757 major
716 704 734 742 ei
743 704 815 743 erucia-

1 769 2 773 ’
43 779 74 812 tus
88 776 127 818 est,
141 769 174 808 vel
187 768 286 807 minimum
298 766 346 804 ancti
360 764 429 803 saltem
444 762 506 813 digito
520 774 559 800 uno
573 760 676 812 attingere.

0 831 4 839 ”
95 839 115 864 v.
124 829 155 867 16.
170 818 274 874 οὐμφημι,
288 820 372 859 consenti
382 817 390 870 )
401 818 449 856 Plus
460 817 507 855 dicit
517 811 642 865 συνήδομαι,
655 816 742 862 delector,
754 827 774 852 v.
783 819 815 856 22.

4 886 6 888 “
43 884 81 918 not.
110 878 207 917 Assensus
221 875 363 926 horninis,·legi
378 877 445 912 eontra
459 875 521 910 semet
534 870 599 922 ip'sum
606 870 719 922 praestitus,
733 868 815 907 illustris

2 938 8 955 '2
43 934 143 972 character
152 936 181 970 est
189 930 294 982 religionis,
308 941 401 980 magnum
410 926 541 966 testimonium
552 924 576 963 de
585 924 635 963 Deo.
645 928 673 952 -“
687 919 758 972 ualde,
769 924 815 974 pol-

0 976 4 1021 Ῐ
42 986 85 1039 cro)
99 987 142 1025 Lex
156 986 214 1025 etiarn
226 983 382 1036 praesoindendo
392 981 518 1033 alegalitate,
532 979 685 1031 pulcritudinem
694 978 760 1017 babet.
775 993 815 1019 κα-

42 1038 88 1090 λός,
99 1042 181 1092 pulcra,
196 1039 327 1085 sanctitatem,
338 1037 435 1088 justitiam
449 1040 468 1073 et
481 1035 589 1074 bonitatem
603 1033 656 1073 dicit.
670 1048 690 1072 v.
700 1039 732 1076 12.

95 1100 154 1136 v.17.
169 1091 194 1132 ἐκ
209 1090 247 1140 ἔοι,
256 1096 301 1141 jorn
314 1091 361 1143 nora)
375 1090 420 1129 Hoc
434 1089 529 1140 repetitur
542 1102 561 1126 v.
570 1093 602 1130 20.
617 1109 645 1116 -
659 1087 746 1135 οἰκὲοα,
760 1085 814 1125 nott-

42 1148 94 1200 tcns)
108 1161 127 1185 v.
136 1152 167 1189 18.
175 1152 207 1188 20.
235 1145 356 1192 Iuvernam
370 1143 440 1182 deinde
456 1143 526 1181 dieitur
540 1142 565 1180 de
580 1142 660 1193 Spiritu.
677 1146 748 1190 e.8,9.

0 1240 2 1248 „
95 1205 155 1243 v.18.
170 1199 226 1249 οῖδα,
238 1198 292 1251 noni)
306 1199 363 1237 Haec
376 1198 420 1248 ipsa
433 1197 502 1235 notitia
516 1200 546 1235 est
559 1209 605 1247 pars
619 1197 678 1247 hujus
692 1201 765 1242 status,
780 1194 814 1246 qui

43 1254 163 1293 describitur.
177 1275 205 1281 -
218 1253 311 1301 τοτέςια,
325 1254 360 1291 boc
374 1252 409 1303 cst)
422 1251 509 1289 Limitat.
528 1264 557 1288 nac
571 1250 616 1302 plus
632 1256 666 1298 est,
682 1263 742 1300 quam
755 1262 814 1288 carrae

42 1322 95 1347 aaran:
113 1312 211 1345 ettamen
229 1320 275 1345 cero
292 1319 330 1344 non
345 1306 415 1344 dicitnr
432 1306 496 1357 ipsum
510 1311 622 1355 peecatum,
643 1304 731 1358 (notand.
747 1309 815 1342 contra

0 1395 2 1403 ,
41 1362 149 1413 Flacinm:)
163 1361 199 1400 sed
209 1360 255 1399 dicit
263 1360 348 1399 Paulus:
362 1364 464 1412 peceatum
476 1359 583 1398 habitatin
593 1372 657 1398 carne.
686 1358 712 1398 Et
723 1359 766 1410 jam
780 1358 814 1396 ali-

42 1416 89 1468 quid
102 1416 148 1455 boni
162 1428 227 1454 secum
240 1414 296 1453 vehit
312 1415 345 1453 lrie
358 1419 431 1461 status,
450 1414 475 1452 de
490 1426 528 1465 quo
541 1413 616 1452 Paulus
632 1414 679 1465 agit.
693 1436 722 1442 -
735 1414 814 1461 θέλειν,

41 1470 96 1520 celle)
110 1469 246 1517 Accusativus,
260 1470 339 1517 bonmn,
356 1482 396 1507 non
408 1468 498 1507 additur:
518 1473 537 1507 et
550 1468 609 1519 hujus
623 1468 715 1507 orationis
729 1467 814 1506 tenuitas

2 1517 8 1528 Δ
61 1525 155 1562 nuitatem
173 1524 199 1563 τέ
217 1524 263 1562 nelle
282 1524 378 1575 exprimit.
396 1545 424 1550 -—
441 1517 580 1575 παράκειται)
595 1524 651 1572 jacet
667 1523 688 1562 in
707 1528 813 1574 coarspectc,

1 1591 8 1631 5¹
42 1590 82 1616 sine
100 1576 187 1616 victoria.
215 1577 339 1625 Antitheton,
360 1578 384 1616 de
398 1577 516 1629 perficiendo
530 1576 592 1625 bono,
606 1591 655 1626 noar,
675 1591 727 1617 mox.
756 1577 814 1616 Mens

40 1644 83 1670 mea
98 1644 203 1683 quaerens,
217 1644 255 1670 non
268 1631 342 1683 reperit
355 1632 375 1670 in
388 1645 416 1671 re.

0 1719 2 1723 ,
94 1700 112 1724 v.
122 1691 153 1728 20.
168 1683 194 1724 ἐκ
208 1682 248 1738 ἔτι)
258 1688 303 1735 jonr
312 1700 361 1725 non:
376 1699 402 1726 sc.
417 1691 439 1724 ut
452 1690 510 1724 antea
523 1685 648 1737 perfieiebarn
663 1699 705 1737 ego.
735 1685 817 1731 Sensim„

0 1769 8 1774 ,
41 1740 127 1778 exoritur
141 1739 235 1778 serenitas
250 1746 269 1779 et
282 1740 372 1779 liberatio
387 1740 459 1791 aliqua.
479 1735 520 1791 ἐμαὶ
534 1739 594 1779 habet
608 1740 714 1792 emphasin,
729 1740 749 1778 in
764 1740 812 1779 anti-

40 1794 93 1831 theto
107 1793 133 1832 ad
143 1799 249 1845 peccatone.
277 1795 303 1842 ds,
318 1795 351 1846 qui
366 1795 392 1833 ait
406 1807 445 1833 non
459 1795 501 1832 οοῖο
516 1807 549 1846 epo
564 1808 608 1833 curn
618 1795 711 1848 emphasi,
726 1807 762 1846 pro
773 1808 812 1834 eron

40 1849 82 1885 nolo
96 1848 123 1901 (v.
133 1848 184 1900 Mt),
200 1848 242 1898 jam
255 1848 333 1900 longius
347 1863 359 1887 a
373 1854 454 1900 peccato
469 1848 562 1887 diremtos
577 1854 612 1887 est.

1 1904 6 1954 'J
93 1908 152 1944 v-21.
167 1899 263 1955 εὑρίσκω)
278 1904 299 1941 in
312 1904 348 1941 hac
362 1916 429 1955 pugna
443 1907 463 1941 et
477 1915 569 1941 aerumna
583 1904 659 1943 incendo
673 1904 750 1956 legem,
771 1903 813 1942 sine

40 1967 79 2005 qua
97 1956 188 1995 vivebam
207 1961 269 1995 antea.
299 1956 389 1995 Tantum.
417 1957 528 2008 Propositio
544 1970 578 2006 ea,
598 1971 649 2010 qnae
665 1963 730 1998 exstat
743 1961 812 2006 Mle,

0 2054 3 2059 ¹
39 2009 138 2059 repetiturss
152 2031 180 2037 -
193 2006 230 2050 rob
242 2007 315 2063 νόμον)
329 2014 387 2062 tepent
400 2012 470 2063 ipsam,
485 2012 601 2050 sanctamin
611 2026 638 2052 se.
653 2036 681 2042 —
694 2012 725 2067 τῷ
739 2012 814 2055 θέλον-

0 2061 3 2100 ἔ
39 2078 70 2110 τι,
85 2064 162 2116 nolenti)
176 2064 260 2102 Dativus
275 2065 376 2104 commodi.
404 2066 480 2118 Legem
492 2065 581 2115 invenio,
599 2068 647 2107 milri
663 2081 702 2107 nou
716 2068 813 2120 peccamiss

4 2167 5 2170 ¹
39 2128 106 2155 nosarn
123 2123 157 2156 aut
170 2117 254 2156 letalem.
276 2119 370 2171 ‘Egregia
383 2121 477 2159 sermonis
496 2120 605 2160 subtilitate
625 2123 760 2174 exprimuntur
774 2122 813 2173 pri-

0 2219 3 2226 ¹
39 2183 71 2207 rna
84 2172 166 2210 stamina
179 2173 409 2227 harnroniae„¹anrieitiae
424 2181 443 2214 et
458 2176 589 2215 consensionis
601 2177 652 2216 inter
666 2178 732 2229 legem
746 2182 766 2216 et
779 2177 813 2216 ho-

5 2246 6 2249 =
39 2224 115 2264 minem.
144 2225 271 2265 Considerate
284 2230 411 2280 praeponitur
425 2230 558 2282 participium,
576 2233 647 2271 nolenti
659 2233 715 2280 aridi,
730 2232 750 2271 in
765 2232 813 2271 anti·

39 2278 92 2317 theto
111 2279 137 2318 ad
155 2282 201 2319 inibi
218 2281 300 2321 alterum
317 2296 363 2322 mox
382 2285 473 2324 absolute
491 2285 581 2336 positum.
611 2286 660 2331 Corn
678 2288 749 2326 nolenti
762 2286 812 2326 conf.

39 2330 156 2382 Phil·2,15-
170 2356 199 2363 -
212 2332 255 2388 ὅτι)
270 2338 322 2388 qun.
336 2360 364 2366 -
377 2336 515 2391 παράκειται,
530 2339 614 2393 cubaret)
628 2341 669 2380 Hie
679 2341 748 2380 bilanx
763 2354 813 2380 conr-

39 2392 129 2427 rnutatur.
147 2403 192 2429 nam
206 2404 225 2429 V.
235 2396 267 2434 18.
281 2392 372 2432 voluntas
386 2392 438 2433 bona
453 2395 538 2443 opacet,
552 2400 575 2433 ut
588 2408 635 2446 pars
650 2396 742 2435 debilior:
760 2409 812 2435 nune

40 2441 111 2481 malum
124 2445 209 2494 ardy'occt,
225 2450 247 2484 ut
259 2459 306 2499 pars
320 2447 413 2497 debilior,
427 2461 466 2487 non
479 2448 532 2487 mala
544 2449 642 2489 voluntas.

2 2510 8 2556 j
63 2544 67 2558 ¹
93 2504 153 2541 v.22.
168 2494 296 2551 συνήδομαι,
315 2503 404 2556 delector)
421 2503 466 2542 Hoc
480 2516 557 2557 quoqne
574 2504 616 2556 jam
629 2504 675 2556 plus
694 2509 734 2553 est,
754 2518 813 2557 quam

2 2558 7 2573 ⁴·
40 2563 137 2602 euperpa
151 2554 255 2603 consentio,
274 2569 293 2594 V·
302 2562 334 2600 lb·
348 2581 377 2586 —
389 2553 427 2600 τον
441 2554 494 2607 ἔσω,
508 2558 615 2613 internam)
629 2559 668 2599 Hie
679 2560 722 2612 jam
735 2560 812 2608 interni,

40 2603 75 2641 sed
88 2610 153 2645 tamen
166 2607 252 2648 nondum
269 2612 315 2650 raoni
331 2617 398 2652 tuetur
414 2613 497 2652 hominis
511 2626 587 2653 nomen.
607 2615 635 2655 sic
654 2628 732 2668 qnoque
749 2629 768 2654 v.
779 2620 812 2658 25.

39 2664 99 2698 mento
113 2660 169 2710 dicit,
183 2676 222 2702 non
235 2665 311 2715 spirito.
424 2712 426 2715 p

94 2728 112 2753 v·
121 2721 153 2759 25.
167 2716 244 2771 βλέπω)
259 2721 319 2770 rideo,
334 2733 359 2760 ex
370 2727 427 2774 parte
437 2721 514 2761 animae
523 2723 628 2775 superiore,
642 2729 736 2775 tanquam
748 2736 759 2762 e
769 2734 813 2777 spe—

0 2824 2 2831 ¹
41 2765 94 2834 cula,
104 2782 154 2821 quae
165 2771 235 2811 dicitur
249 2776 307 2824 νοῦς,
321 2790 380 2826 arens,
396 2783 415 2816 et
425 2777 445 2816 in
455 2789 477 2816 se
486 2779 592 2829 repositam
600 2778 660 2818 habet
668 2778 812 2819 conscientiam,

40 2840 67 2849 N
80 2825 157 2879 eropon)
173 2827 243 2877 aliana,
258 2829 386 2884 alienamque.
401 2855 429 2860 —
442 2832 525 2884 μέλεοι,
539 2833 636 2887 merrrbn's)
650 2833 723 2872 Anima
737 2839 776 2880 est,
791 2838 813 2872 ut

0 2920 3 2926 .
40 2884 85 2936 rex:
99 2880 187 2920 membra
200 2888 251 2931 sunt,
265 2889 287 2923 ut
302 2885 365 2926 cives:
380 2893 488 2938 peecatum,
502 2892 525 2926 ut
537 2888 604 2935 hostis,
619 2888 678 2940 eulpa
690 2888 743 2940 regis
752 2888 813 2927 intro-

0 2958 3 2974 i
40 2939 117 2996 1n¹rssus‚¹
129 2935 228 2986 plectendi
236 2950 272 2989 per
282 2939 353 2981 civium
363 2942 516 2994 oppressionem.
530 2966 558 2971 -
572 2942 602 2995 τῷ
611 2937 668 2995 νόμῳ
676 2944 702 2982 zu
713 2940 762 2989 νοός
775 2942 812 2996 μα)

1 3019 3 3047 J
40 2983 137 3052 drotmanni
150 2992 217 3029 ruentis
235 3006 288 3032 eneae
300 2994 356 3047 Lege
375 2997 567 3037 divinadelectntne.
584 3017 612 3024 -—
631 2994 813 3050 αἰχμαλωτίζοντά

1 3057 4 3089 ξ
39 3050 71 3100 μδ.»
85 3049 212 3093 captivantem
224 3046 261 3100 nne)
277 3050 365 3102 qualibet
374 3052 458 3092 victoria
468 3053 545 3091 actuali.
573 3051 657 3090 Duriore
666 3065 743 3092 rursum
752 3053 813 3092 verbo

40 3096 108 3145 utitur,
122 3111 147 3138 ex
161 3106 228 3141 sancta
241 3102 373 3157 impatientia:
393 3107 493 3161 allegoria,
508 3120 520 3145 a
532 3105 592 3146 bello.
608 3106 652 3147 coll.
666 3114 813 3163 repnpnantern.
