1922 3513
346 226 354 258 1
369 219 420 254 coa.
432 220 458 279 r,
472 224 534 266 s-s,
794 224 830 260 aa

58 332 94 360 nec
106 316 170 357 solum
181 314 256 355 ratione
267 315 445 367 praefigurationis:
460 315 496 354 sed
507 316 553 367 quia
564 315 660 355 Israelitis
674 328 713 355 una
728 329 771 357 cum
785 316 829 356 cibo

60 371 144 424 corporis
156 370 268 409 alimentum
280 370 386 409 animarum
400 384 424 409 ex
440 369 514 408 Olaristo
529 370 596 410 datum
611 375 650 418 est,
663 383 734 408 manua
748 376 829 419 externo

59 425 216 478 longenobilius.
231 424 280 463 conf.
289 438 308 462 v.
319 437 360 475 seq.
383 424 450 475 Atque
465 424 489 463 ab
504 424 541 464 hae
555 430 612 476 Parte
625 424 697 475 potiori
709 424 731 462 fit
745 424 829 464 denomi-

59 482 116 524 natio.
132 479 181 519 conf.
193 479 226 518 Ps.
235 485 266 526 78,
280 481 354 522 21125.
375 479 402 518 Et
416 483 458 517 erat
472 478 526 518 cibus
539 479 646 532 spiritualis
660 491 699 517 non
713 478 775 519 solum
784 492 830 519 ‘cre-

60 535 159 583 dentibus,
171 534 210 574 sed
224 534 292 583 etiam,
307 539 402 586 exparte
416 533 463 582 Dei,
479 535 554 574 ceteris.
687 535 689 537 ’

112 605 131 629 v.
139 593 158 634 [ι.
173 585 231 641 πόμα
236 622 243 640 ,
254 588 330 642 poteria)
344 589 456 641 Respieitnr
465 590 529 641 potius
542 590 580 628 Ex.
591 593 623 638 17,
635 594 654 631 6.
666 602 725 640 quam
732 588 789 628 Num.
798 594 830 638 20,

59 654 84 696 8,
92 646 126 685 ubi
135 645 197 684 eriam
203 644 285 696 pecudis
293 644 371 683 mentio.
379 649 407 672 ‘—-
418 641 467 697 7oip,
482 644 539 697 aazia)
555 643 623 693 Qualis
632 643 702 693 Petra,
717 644 762 683 talis
773 657 830 696 aqua.

59 724 86 732 -
100 701 122 742 ἐκ
136 700 278 749 πνευματικῆς
291 694 427 749 ᾱκολιιθιὲσης
440 698 528 752 πέτρας,
547 712 572 738 ea
586 699 684 750 spirituali
696 705 784 751 sequelae
794 712 830 751 pe-

59 755 98 808 tra)
112 754 157 793 Non
166 753 245 793 additur
259 754 351 802 articulus
365 753 409 802 τῆς.
430 752 518 804 Populus
532 766 572 792 non
585 759 651 801 norat,
667 767 716 805 quae
731 759 783 793 esset
797 767 830 805 pe-

59 819 95 853 tra.
109 809 182 849 idcirco
190 808 265 848 Paulus
273 807 391 861 postliminio
401 807 465 846 addit:
475 814 536 858 petra
549 821 594 847 aero
608 814 651 847 erat
661 808 753 848 Obristas.
773 809 831 848 Haec

59 860 116 919 petra
127 863 233 915 spiritualis
244 864 315 902 dicitur
328 876 418 915 sequeris:
431 875 471 901 non
485 875 523 913 quo
537 868 652 914 sequeretur
666 863 771 915 populum,
783 876 831 915 pam

58 918 148 973 praeibat
156 918 231 969 potius3
247 918 283 957 sed
292 918 343 969 quia,
353 916 442 969 quamvis
449 917 542 968 jamtum
551 930 598 956 rere
608 930 702 970 praesens
713 923 762 966 erat,
776 931 795 956 v.
804 923 830 966 9.,

59 981 124 1014 tamen
137 976 215 1023 postero
229 978 316 1023 tempore
331 972 408 1010 demum
421 971 509 1010 innotuit.
530 972 579 1010 conf.
594 972 619 1010 de
632 972 694 1011 verbo
710 969 830 1023 duolefreir,

59 1028 120 1081 sequi,
141 1026 218 1070 tTim.
231 1031 252 1076 5,
267 1030 309 1071 21.;
329 1027 353 1065 de
368 1026 436 1065 ordine
449 1038 515 1065 rerum
527 1026 646 1066 naturalium
660 1032 680 1066 et
694 1025 829 1079 spiritualium,

86 1083 169 1125 001215
210 1089 228 1126 6.
253 1093 255 1097 ’

60 1091 71 1128 1
112 1151 131 1176 v.
144 1141 163 1180 5.
176 1087 227 1186 bill,
241 1136 283 1191 sed)
302 1136 342 1175 etsi·
352 1139 381 1175 tot
394 1134 481 1175 habuere
497 1136 554 1187 signa
567 1137 690 1188 praesentiae
705 1136 788 1176 divinae.
802 1160 831 1168 -

60 1190 97 1236 ονίι
112 1191 133 1232 ἕν
147 1190 189 1237 τοῖς
203 1191 296 1232 πλείοσιν
311 1187 386 1238 αὐτῶν,
405 1204 444 1229 aaa
457 1191 479 1229 ιἰι
489 1191 580 1242 pluribus
594 1191 667 1243 cerata)
688 1190 829 1230 Observandus
862 1191 864 1194 ’

60 1262 98 1288 aaa
111 1245 219 1297 particulae
233 1246 287 1284 situs.
315 1245 374 1283 Ratio
389 1244 502 1295 conjiceret,
520 1245 588 1296 utique
602 1242 623 1285 ἑν
637 1246 681 1291 τοῖς
695 1244 796 1296 πλείοσιν,
810 1245 831 1283 ia

56 1302 155 1355 pliades,
176 1301 313 1352 beneplacitam
333 1300 402 1338 babere
420 1299 491 1337 Deum.
512 1298 533 1337 id
552 1303 613 1350 negat
633 1298 738 1350 apostolus,
770 1297 832 1338 Notat

59 1371 98 1396 non
111 1354 172 1395 solum
187 1368 229 1403 eos,
249 1354 283 1406 qui
295 1367 342 1393 mox
355 1353 457 1405 speciatim
470 1352 615 1401 describuntur,
636 1353 672 1392 sed
685 1353 757 1393 multos
774 1353 832 1406 simul
892 1387 894 1389 .

60 1411 114 1450 alios.
124 1404 177 1448 -i
191 1407 252 1457 θεός,
267 1408 330 1460 Deae)
346 1408 400 1458 cujus
412 1406 508 1459 judicium
521 1408 578 1447 unius
587 1408 647 1447 valet.
655 1433 683 1439 -
694 1404 831 1461 παιεςριόθη-

13 1456 15 1459 ’
60 1480 110 1512 σαν,
122 1462 282 1514 prostratisaat)
301 1462 377 1512 magnis
392 1461 484 1508 cumulis,
502 1475 574 1513 magna
588 1462 614 1500 vi.
642 1462 688 1501 Hoc
701 1460 784 1500 verbum
797 1473 831 1512 po-

60 1530 115 1557 suere
129 1516 198 1555 LXX.
214 1515 272 1555 Num.
281 1518 312 1563 11,
321 1521 353 1558 16-
364 1539 389 1545 -
404 1511 456 1568 yoip,
471 1514 529 1567 caira)
547 1516 635 1555 Eventus
647 1516 723 1563 docuit,
736 1528 777 1553 non
790 1514 832 1566 pla·
841 1561 849 1566 ..

60 1571 122 1611 cuisse
137 1583 177 1609 eos.
192 1593 217 1600 -
234 1570 256 1609 ἐν
270 1571 296 1617 τῆ
310 1566 392 1622 ἐρήμῳ,
406 1570 426 1607 ia
440 1569 521 1621 aeserta)
543 1570 591 1608 citra
604 1575 677 1608 terram
690 1568 831 1621 promissionis.

112 1639 132 1664 v.
141 1631 159 1668 [5.
174 1623 251 1677 ταῦτα)
265 1614 320 1673 haee,
335 1622 438 1671 beneficia,
454 1637 504 1675 quae
513 1624 599 1676 populus
610 1625 694 1677 accepit3
710 1628 729 1662 et
742 1627 830 1676 peccata,

60 1693 110 1732 quae
124 1679 177 1718 idem
191 1678 309 1718 admisit.-
318 1673 391 1730 τιν’ποι)
406 1681 504 1730 eaerapla,
520 1679 590 1731 quibus
600 1679 710 1718 erudiamur
717 1692 764 1726 nos,
778 1678 831 1717 unde

60 1736 166 1783 discamus,
181 1733 308 1786 quidnobis,
322 1733 340 1772 si
352 1733 432 1784 paribus
447 1733 546 1773 beneficiis
556 1734 629 1782 affecti,
643 1733 752 1785 parimodo
762 1745 831 1785 pecce-

59 1802 111 1838 mus,
126 1784 279 1840 exspectandum
291 1800 399 1839 poenarum
413 1793 469 1826 esset.
480 1812 505 1819 -
516 1791 545 1834 εἷς
558 1789 584 1829 τιν’
596 1784 637 1838 μή,
651 1795 672 1827 at
685 1788 717 1840 ae)
731 1787 831 1826 Beneficia

60 1843 196 1882 describuntur
211 1855 233 1880 co
242 1842 319 1890 ordine,
335 1854 373 1891 quo
388 1841 442 1893 apud
452 1842 532 1889 Mosen,
548 1842 630 1880 diversis
642 1842 710 1881 Exodi
724 1842 831 1894 capitibus,

60 1897 140 1944 delicta,
156 1910 199 1935 cum
212 1895 289 1948 poenis,
305 1896 342 1934 alio
357 1895 430 1947 ordine,
454 1895 611 1935 Fundamentum
623 1896 748 1945 delictorum,
763 1909 832 1934 concu-

58 1951 159 2003 piscentia.
174 1964 228 1997 mox,
242 1950 365 1988 idololatriae
376 1949 447 1988 mentio
456 1950 541 1988 maxime
551 1950 577 1988 ad
587 1952 710 2002 propositum
718 1951 770 1999 facit,
784 1965 804 1990 v.
813 1955 831 1993 7.

60 2008 97 2053 lla,
112 2010 184 2043 etcum
197 2004 307 2042 idololatria
321 2004 425 2054 conjuncta
439 2017 482 2043 esse
496 2004 573 2043 solebat
585 2007 689 2054 scortatio,
703 2010 756 2053 v.8.‚
770 2009 832 2044 tenta-

58 2059 95 2106 tio,
111 2068 154 2097 cunr
167 2058 328 2105 murmuratione,
346 2070 365 2094 v.
378 2069 432 2108 seqq.
460 2059 491 2097 Ea
505 2058 627 2109 potissimum
641 2059 713 2099 delicta
726 2072 832 2098 memoran-

59 2117 99 2158 tur,
115 2123 165 2162 quae
176 2111 202 2148 ad
211 2110 319 2148 Corinthios
329 2110 462 2149 admonendos
475 2112 580 2163 pertinent.
588 2139 615 2145 -
624 2110 768 2165 ἐπιθυμητιίς)
782 2113 832 2152 Ver-

58 2165 104 2204 bale
118 2165 154 2202 hoc
163 2164 236 2203 habent
246 2163 314 2202 LXX.
325 2186 351 2192 -
360 2165 438 2212 κακῶν,
445 2166 549 2219 oratoriar)
564 2166 621 2206 Rom.
631 2170 663 2216 11,
674 2172 706 2210 20.
715 2192 743 2199 --
752 2162 833 2212 saeeo'-
890 2195 891 2198 =

58 2233 135 2270 μησαν,
150 2218 294 2273 coacicpicraat)
308 2217 366 2257 Num.
379 2224 414 2268 11,
429 2222 448 2262 [r.

27 2291 30 2298 .
65 2281 69 2286 v
113 2287 131 2312 v.
141 2278 158 2316 7.
173 2274 268 2325 placeas,
284 2274 401 2327 efficiamini)
419 2274 464 2314 Hoc
483 2280 538 2315 etr.
553 2281 585 2320 10.
604 2276 730 2331 insecunda
747 2289 833 2329 persona

59 2327 183 2380 proponitur3
196 2341 242 2367 nam
251 2327 326 2370 Paulus
336 2334 378 2368 erat
388 2334 444 2369 extra
453 2330 562 2382 periculum
574 2331 707 2381 idololatriae;
722 2345 832 2371 meermara-
877 2381 879 2383 Ι

59 2383 114 2421 tioais
128 2395 175 2421 vero
186 2383 245 2421 etiam
254 2383 361 2435 objectum:
377 2382 444 2423 cetera
455 2385 475 2423 in
489 2385 678 2437 primmutrumque
693 2386 769 2424 decore.
798 2385 832 2426 Sic

61 2435 133 2478 lPetr.
143 2440 161 2485 ll,
173 2441 190 2478 1.
199 2440 228 2485 32,
242 2438 263 2475 in
276 2438 363 2477 secunda
376 2451 465 2489 persona.
480 2464 506 2471 -
521 2439 577 2485 τινὲς
591 2436 669 2489 αὐτῶν,
683 2440 745 2491 aliqui
758 2439 831 2492 cortem)

59 2489 171 2529 Notandum
185 2492 258 2542 aliqui.v
272 2492 307 2530 ubi
320 2493 382 2543 aliqui
394 2492 499 2544 incipiunt,
517 2492 575 2532 facile
590 2495 678 2546 sequitur
691 2495 753 2545 major
768 2495 832 2533 multi-

59 2543 113 2592 tudo,
123 2545 170 2583 etin
179 2550 281 2596 peccatum
291 2550 310 2585 et
319 2547 340 2585 in
348 2560 431 2598 poenam
439 2560 504 2586 ruens.
512 2572 540 2579 -
548 2543 651 2589 inniterer
659 2548 710 2602 ael.)
723 2547 756 2588 Sic
762 2549 832 2598 LXX,

59 2597 96 2636 EX·
106 2605 137 2646 52,
149 2606 168 2642 6.
178 2622 206 2628 -
217 2600 289 2652 φαγεῖν
304 2600 340 2646 καὶ
353 2600 419 2650 πιεῖν,
434 2603 489 2641 edere
503 2608 520 2641 ct
533 2601 601 2654 bibere)
615 2603 641 2641 Id
655 2604 744 2655 apposite
759 2604 832 2655 allega-

60 2656 97 2689 tur.
112 2653 160 2691 oouf.
171 2666 191 2691 v.
202 2658 233 2695 21.
242 2668 269 2685 -4
279 2654 372 2703 παίζειν,
387 2656 460 2708 ludere)
474 2656 564 2696 innuitur
578 2657 649 2696 festum
661 2658 735 2697 laetum
750 2659 832 2710 (lasciva

59 2707 160 2745 saltatione
180 2708 232 2746 circa
252 2707 336 2746 vitulum
357 2710 481 2759 celebratam,
502 2710 528 2749 V.
544 2710 583 2765 gl,
606 2711 697 2762 idemque
716 2712 783 2760 inane,
807 2711 831 2751 ob

60 2757 140 2798 idolum.
498 2764 502 2768 ’

113 2828 132 2853 v.
140 2819 159 2858 8.
174 2809 310 2867 ἐπόρνευσαν,
325 2818 404 2857 scortati
413 2817 465 2872 saal)
480 2818 538 2859 Num.
547 2822 578 2868 25,
588 2825 606 2862 1.
614 2844 640 2852 -
650 2819 716 2860 εἴκοσι
729 2819 784 2875 speie
797 2834 832 2874 χι·
889 2870 891 2874 y

60 2861 140 2925 liiidie,
163 2869 231 2921 vipiati
248 2871 287 2909 tria
304 2871 373 2924 millia)
399 2874 471 2926 raptari
490 2882 573 2927 qaataor
592 2874 653 2914 millia
674 2872 765 2913 dicuntur
783 2875 797 2913 l.
815 2888 831 2914 c.

60 2933 79 2957 v.
91 2924 110 2961 9.
137 2923 177 2962 Eos
191 2924 253 2976 plaga
267 2924 333 2964 divina
348 2927 437 2967 abstulit:
454 2931 558 2981 praeterea
569 2941 616 2974 vero
629 2928 728 2980 principes
742 2930 833 2979 suspensi

60 2973 123 3035 tuere,
138 2982 158 3017 et
168 2977 246 3029 judices
257 2978 308 3030 jussi
319 2986 364 3021 sunt
373 2982 426 3022 ciros
435 2998 488 3033 saer,
504 2984 574 3036 quibus
586 2987 699 3035 praeerant,
713 2982 764 3022 Baal
774 2983 833 3024 Peori

58 3035 144 3078 Junctos,
158 3031 273 3078 interlicere.
293 3033 361 3074 Moses
376 3049 439 3089 aeque
453 3052 476 3078 ac
484 3039 559 3078 Paulus
570 3050 602 3077 eos
611 3041 709 3086 numerat,
725 3051 774 3090 quos
788 3040 833 3091 ipsa

61 3084 100 3131 ey'as
114 3086 152 3126 diei
161 3089 225 3141 plapa
239 3087 354 3143 absumpsit.
369 3090 469 3143 Numaa
480 3099 512 3138 18-
536 3091 575 3137 Cur
590 3104 636 3146 ergo
644 3091 721 3137 ¹Paulus
735 3093 789 3135 mille
800 3093 832 3134 de-
