1922 3513
128 236 163 270 00
417 230 486 270 reon.
499 230 539 274 uu,
552 232 612 268 a—e.

128 326 270 379 Chrysostomi,
287 340 298 367 a
311 326 451 367 recentioribus
464 326 506 365 sine
520 338 579 365 causa
592 324 740 377 reprehensum:
759 323 838 370 οἴδατε,
857 319 898 364 ὅτε.

128 385 209 433 illatae
222 376 271 432 ἦτε,
286 384 331 429 πῶς
345 377 467 434 (ἐπήγεσθε,
482 375 588 432 ἑλκόμενοι
599 379 655 431 μένε,
682 377 741 417 Adue
754 377 892 417 Castellionem

129 437 217 490 ripaue,
237 442 300 485 0000,
321 436 419 489 epitheton
439 440 515 488 aptum,
536 432 897 477 001105.00001011000000100115,

128 492 178 532 muti
192 491 218 530 ad
231 504 305 531 caecos.
716 496 717 504 ³

183 561 203 586 v.
212 553 231 590 5.
247 539 430 599 (larisquupropter)
444 544 506 583 Infert
519 542 582 582 thesin
595 543 650 590 hanc,
665 543 775 593 spiritualia
789 555 832 581 esse
846 542 900 595 apud

131 602 251 642 Christianos
265 614 332 639 omnes
347 605 366 639 et
380 600 438 647 solos,
454 600 466 637 i.
481 612 497 637 e.
513 610 551 646 ees,
567 597 600 649 qni
612 597 680 637 lesum
694 598 757 649 gloria
771 597 864 636 afficiunt:
880 602 900 636 et

129 658 189 696 fidem
202 655 300 694 inlesum
310 654 389 707 probari
400 667 435 706 per
446 654 486 692 illa.
501 665 546 690 nam
555 652 608 691 idola
618 652 646 690 nil
659 653 759 704 spirituale
774 652 851 691 donant.
867 652 899 691 de-

130 717 205 751 structa
219 710 305 761 gentium
319 709 464 761 superstitione,
482 720 521 745 non
534 707 581 745 item
596 720 644 758 opus
659 712 689 745 est
703 707 759 746 donis
772 707 899 746 miraculosis.

130 765 228 811 Vicissim,
243 764 277 813 qui
285 763 298 802 J
300 775 354 801 esum
362 762 425 814 gloria
435 761 498 809 afficit,
514 760 607 811 Spiritum
615 761 654 800 Dei
661 762 731 800 habet:
749 761 783 813 qui
791 761 853 814 gloria
861 775 900 801 non

131 821 195 869 afficit,
211 818 305 870 Spiritum
313 818 352 856 Dei
365 830 404 855 non
417 816 482 854 hahet.
500 814 563 857 eloh.
571 818 590 864 h,
599 821 617 858 l.
625 829 640 854 s.
668 815 742 856 Paulus
755 816 836 868 praebet
845 817 900 857 crite-

130 877 181 915 rium
194 874 236 913 ueri
244 878 311 911 contra
320 877 399 924 gentes3
415 870 521 916 lohannes⁷
537 875 604 908 contra
612 870 671 909 falsos
681 872 792 924 prophetas.
806 893 834 899 —
847 887 901 925 yuu-

131 930 180 984 ρέζω
198 923 256 977 ὑμῖν,
276 933 341 966 uoturu
353 927 411 975 facio
429 925 488 977 uobis)
508 923 622 975 Incognitae
635 924 739 964 Corinthiis
754 931 811 965 antea
824 927 901 966 fuerant

132 982 227 1036 ejusmodi
241 982 364 1031 operationes
379 980 463 1019 divinae.
491 978 544 1018 Ante
558 980 594 1018 has
603 978 660 1018 Pauli
668 979 735 1019 literas
746 982 809 1020 minus
824 981 901 1020 distinc-

130 1044 170 1078 tam
184 1035 283 1081 habebant
298 1036 432 1088 cognitionem,
447 1047 485 1072 non
499 1034 559 1072 multo
574 1039 618 1072 ante
634 1047 658 1072 ex
666 1035 776 1085 gentiiismo
792 1037 859 1088 erepti.
873 1058 901 1064 -

130 1091 152 1134 ἐν
167 1088 272 1141 πνεύματι
286 1091 336 1138 θεέ,
352 1091 372 1130 iu
386 1090 462 1141 Spiritu
475 1087 522 1142 Dei)
536 1088 594 1137 Mox,
610 1089 630 1127 iu
644 1088 719 1140 Spiritu
733 1097 804 1130 sericio.
832 1091 901 1130 Deitas

131 1152 151 1186 et
160 1145 263 1192 Sanctitas,
279 1157 393 1196 synonpna,
408 1143 522 1195 praesertim
534 1143 568 1182 ubi
582 1155 645 1182 sermo
658 1148 686 1182 est
698 1144 722 1182 de
732 1144 752 1183 S.
763 1145 864 1184 Trinitate.
874 1168 902 1174 —-

131 1199 207 1248 λαλῶν,
222 1199 309 1253 laqueus)
323 1199 369 1239 Hoc
382 1199 476 1238 latissime
487 1196 547 1249 patet.
562 1211 607 1236 nam
617 1198 675 1236 etiam
685 1198 704 1247 ii,
720 1199 754 1250 qni
762 1201 871 1240 sanationes
883 1205 902 1239 et

131 1255 214 1294 virtutes
228 1258 339 1305 operantur,
354 1253 420 1292 verbis
434 1254 463 1292 uti
477 1253 546 1291 solent.
574 1252 691 1291 Antithetou
705 1254 730 1292 ad
739 1261 792 1294 0010
801 1254 860 1294 idola.
875 1276 903 1282 —-

132 1309 186 1361 λέγει
201 1304 309 1359 οἷννῖθεμα,
325 1309 370 1347 olioit
383 1306 495 1361 urrutlreruu)
509 1311 531 1345 ut
544 1306 641 1346 faciebant
655 1312 729 1359 gentes,
744 1309 780 1348 sed
793 1310 856 1361 magis
867 1309 902 1349 Ju-

133 1363 183 1403 daei.
211 1362 287 1413 Estque
302 1362 432 1408 ταπιίνωσνς.
459 1363 506 1401 Nou
520 1362 565 1399 elicit
577 1363 685 1410 urzatlreuru,
700 1362 713 1400 i.
724 1375 740 1400 e.
754 1364 838 1403 maxime
850 1366 906 1404 aare

133 1419 184 1470 elicit}
213 1415 318 1468 Opposita,
338 1418 442 1456 ouutlreuiu
456 1422 475 1455 et
488 1417 598 1454 Douriuuur.
627 1417 846 1467 [neapolitanensem
865 1434 902 1458 oru-

132 1486 176 1512 ueru
190 1477 267 1521 cupturu
281 1473 399 1523 superantis,
418 1472 470 1522 qrioel
481 1470 539 1510 Jesus
554 1469 649 1517 Christus,
668 1472 774 1521 Dominus,
793 1475 903 1523 00110010-

132 1540 177 1567 0000
191 1526 269 1573 Pauus,
284 1532 336 1565 tauto
351 1532 456 1576 temporum
470 1530 532 1564 tractre
546 1531 619 1563 tuutruu
633 1526 794 1576 blasphemiarum
808 1532 904 1568 cicuiuluru

133 1583 157 1621 ab
171 1580 282 1631 irpiclelibur,
297 1587 315 1619 et
328 1594 341 1619 u
354 1581 436 1619 Jucloeis
446 1580 560 1631 praecipue,
575 1594 614 1631 quor
628 1586 673 1619 sarrit
685 1582 751 1620 uriseri
763 1583 859 1631 eoeeitcto,
877 1589 885 1622 t
897 1608 903 1613 -

132 1639 196 1675 lerure
210 1647 249 1672 uou
263 1641 344 1673 recusat.
373 1633 503 1673 Christianum
517 1648 540 1673 eu
554 1635 678 1674 consideratio
690 1637 758 1686 peruris
772 1637 903 1690 iurlipuutiouc

132 1692 155 1729 ele
168 1702 288 1741 ‘quocumque
307 1695 350 1728 utut
368 1689 444 1728 urirriure
462 1689 577 1740 promerito,
597 1686 699 1739 opprobrio
721 1691 802 1730 liberare
821 1693 902 1731 debebat.

132 1744 159 1784 V.
169 1742 199 1797 -g.]
213 1765 241 1771 -
255 1743 329 1792 εἰπεῖν,
344 1742 415 1795 dicere)
430 1742 587 1791 πνευματικῶς,
601 1744 655 1782 uroolo
670 1744 772 1794 spirituali.

188 1800 229 1840 ult.
239 1795 356 1856 διαιρέσεις,
364 1796 475 1850 divisiones)
482 1796 527 1835 Hoc
533 1796 628 1836 vocabulo
633 1797 696 1836 LXX
700 1798 819 1839 Hebraienm
827 1798 902 1853 uptun

134 1853 253 1905 exprimrmt,
268 1850 292 1889 de
307 1852 431 1890 sacerdotum
445 1850 552 1890 ordinibus}
580 1850 634 1890 Ocni.
650 1854 744 1902 cliuirleus,
759 1868 778 1893 v-
787 1860 818 1898 ll.
833 1877 861 1883 -
875 1856 903 1904 δὲ,

133 1906 186 1960 uero)
201 1906 317 1945 Antitheton
330 1905 381 1945 inter
389 1920 450 1945 unum
462 1906 536 1945 fontem
549 1911 569 1944 et
582 1906 661 1945 flumina
674 1909 741 1947 multa.
755 1931 783 1938 —-
796 1904 904 1963 χαρισμά-

133 1979 182 2010 των,
197 1960 298 2013 docorum)
314 1961 369 2011 Qurae
383 1974 402 1999 v.
412 1967 431 2004 1.
446 1961 523 2000 dixerat
533 1961 649 2011 spiritualia,
663 1976 721 2011 nuuc,
735 1969 779 2015 post
788 1964 904 2003 mentionem

133 2016 189 2063 Jesu,
205 2014 292 2066 appellat
301 2017 358 2054 clouo.
371 2037 399 2043 -
412 2014 502 2065 πνεῦμα,
517 2015 610 2067 Spiritus)
624 2016 669 2055 Hoc
682 2030 741 2057 versu
752 2019 816 2070 agitur
827 2018 903 2070 despi-

134 2071 173 2110 ritu
183 2069 203 2109 S.
218 2083 237 2107 V.
246 2074 271 2116 5.,
286 2069 311 2107 de
321 2069 407 2109 Christo:
423 2084 442 2108 v.
451 2076 476 2117 6.,
492 2069 516 2107 de
526 2070 569 2108 Deo
578 2070 648 2109 Patre:
666 2076 684 2110 et
695 2072 727 2110 'his
741 2074 850 2113 nominibus
860 2087 904 2112 con-

135 2125 189 2177 gruit
203 2123 310 2175 appellatio
324 2124 465 2170 charismatum,
480 2124 635 2173 ministeriorum,
651 2128 791 2178 operationum.
819 2129 850 2167 De
861 2128 903 2180 Spi-

134 2180 179 2227 ritu,
193 2182 288 2217 traetatur
296 2192 316 2216 v.
325 2184 343 2221 7.
352 2192 407 2230 seqq.
416 2178 441 2217 de
448 2178 536 2227 Domino,
550 2192 570 2216 ν.
579 2185 610 2221 12.
620 2193 675 2232 seqq.
686 2181 710 2220 de
717 2182 767 2231 Deo,
781 2197 800 2221 v.
809 2188 840 2227 28.
849 2196 903 2235 seqq.

136 2233 199 2289 [Confi
214 2232 265 2284 Epir>
273 2235 291 2280 li,
299 2235 318 2275 lt·
327 2237 345 2275 5-
353 2233 379 2289 a]

189 2301 208 2327 v.
217 2292 235 2330 5.
251 2288 375 2337 διακονιῶν,
394 2286 551 2340 ruiuisterioruru)
566 2300 584 2325 v.
595 2292 627 2331 28.
641 2284 693 2329 -ὁ
709 2288 730 2329 δὲ
746 2286 810 2336 cizic
824 2285 904 2341 κύριος,

134 2345 184 2383 irlcru
201 2355 246 2381 uero
264 2342 369 2395 Dorulaus)
388 2341 450 2380 Filius
467 2340 515 2390 Dei,
536 2354 593 2393 quem
610 2340 693 2394 Spiritus
712 2348 790 2384 sanctus
809 2344 905 2395 glorificat

134 2411 170 2450 per
184 2397 275 2436 diaconos
289 2396 339 2435 illos.

188 2466 208 2491 v.
217 2457 235 2494 6.
250 2446 410 2503 ἐνεργημάτων,
427 2449 568 2504 operationum)
582 2456 642 2494 010.
656 2474 684 2481 —-
698 2446 708 2492 ὃ
725 2452 745 2493 δέ
760 2447 825 2498 αὐτός
834 2452 854 2505 l)
872 2452 905 2499 έςι

135 2501 197 2553 θεός,
216 2506 266 2543 idem
279 2519 324 2543 uero
338 2512 365 2544 est
378 2504 441 2556 Deus)
456 2506 521 2553 Deus,
541 2510 634 2557 operante
647 2506 721 2559 Spiritu
736 2507 783 2559 ejus.
804 2513 863 2551 uit.
877 2530 905 2536 —-

134 2556 164 2599 nri
178 2556 261 2606 πάντα,
281 2559 353 2611 etauio)
372 2558 480 2609 Aliquanto
493 2560 552 2598 latius
566 2566 666 2612 spectatur
680 2562 766 2614 operatio
778 2561 825 2610 Dei,
847 2575 905 2613 quarn

135 2626 216 2653 munera
228 2612 301 2651 Glnisti
319 2617 338 2651 et
357 2613 473 2651 charismata
491 2613 580 2665 Spiritus.
595 2636 622 2642 -
636 2616 657 2656 ἐν
672 2616 750 2665 πᾶσιν,
771 2616 792 2656 iu
810 2618 917 2670 orrruibus).

134 2668 275 2716 Masculinum,
292 2667 335 2706 0011.
350 2668 461 2718 rruiouique,
476 2681 495 2706 v.
509 2680 564 2720 seqq.
645 2714 647 2716 ‚

189 2737 208 2762 r.
218 2727 236 2765 7.
251 2720 380 2774 φανέρωσις,
401 2722 539 2775 ruurrffestotio)
558 2723 612 2761 van
631 2737 666 2776 per
684 2737 744 2776 quam
760 2723 843 2775 Spiritus
862 2738 905 2765 sese

135 2778 254 2827 ruuur'fhstot,
269 2789 305 2828 per
319 2789 340 2816 se
355 2776 487 2816 absconditus.
501 2798 528 2803 -
542 2772 595 2832 πρδς
608 2774 634 2818 νδ
648 2777 765 2831 συμφέρον,
781 2780 809 2817 acl
821 2780 843 2818 tu
855 2783 907 2831 quod

136 2831 232 2885 conducit)
245 2831 270 2870 Id
284 2835 379 2871 tractatur
393 2845 411 2870 v.
421 2836 452 2874 12,
461 2843 476 2869 s.

189 2891 298 2931 v.8-10·
314 2883 341 2939 qi·
356 2884 427 2939 ἑτέρῳ·
442 2884 516 2940 ἑτέρῳ,
536 2885 590 2925 huie:
609 2886 676 2925 alteri:
688 2884 756 2938 alteri)
771 2885 849 2927 Genera
862 2888 905 2938 tria,

159 3063 182 3107 ³³)
199 3063 238 3098 Voc.
252 3063 277 3101 ἐςὶ
290 3068 326 3097 turo
335 3074 370 3108 per
381 3064 472 3108 utriusque
484 3062 517 3098 Ed.
529 3062 630 3107 ruorpiueru,
644 3067 680 3098 truu
688 3075 723 3108 per
735 3063 785 3098 vers.
798 3045 852 3109 germ.
865 3076 905 3100 eart-

196 3111 233 3147 lore
241 3112 301 3158 potius
315 3112 390 3149 debebat.
415 3113 435 3149 E.
447 3113 468 3147 Β.
