1922 3513
383 230 435 265 eun.
447 231 465 273 Ι,
478 235 538 269 1-6.
809 236 845 270 227

78 326 155 367 auditur
170 321 207 365 διοῖ
217 338 261 377 per,
277 328 296 363 et
309 324 339 363 vis
353 324 461 376 particulae
476 320 513 365 aad
523 339 562 376 per
575 324 658 364 includit
671 324 691 362 h.
704 324 718 362 l.
732 325 772 363 vim
785 326 846 377 parti-

78 381 133 421 culae
152 375 203 428 οἷπό,
221 393 244 428 a,
258 392 297 417 uon
311 385 384 418 contra.
413 378 477 431 Saepe
493 378 567 418 Paulus
586 380 607 418 in
626 379 729 430 conjuncta
742 379 807 419 Patris
826 386 846 420 et

76 435 122 475 Filii
136 434 232 473 mentione
245 447 304 472 unam
317 434 481 486 praepositionem
498 433 563 472 habet.
584 433 659 476 1Tim.
674 439 692 481 6,
707 439 739 476 15.
754 457 781 482 —7
802 432 846 483 ded,

73 490 119 543 per)
134 488 196 527 Modo
211 484 249 529 eleo?
265 501 301 540 per
319 488 458 540 apostrophum
466 493 573 539 -posuerat3
592 501 644 526 nunc
657 488 706 526 sine
721 489 846 539 apostrophe,

77 544 190 596 emphaseos
205 555 270 582 causa.
284 566 312 573 -
325 543 453 597 ἐγείραντος,
468 543 502 594 qea'
514 543 621 597 suscitavit)
636 541 715 581 Semina
728 548 847 594 sparguntur

77 597 202 638 tractationis.
231 594 362 638 Resuscitatio
378 596 458 646 Christi,
478 602 508 636 est
522 597 565 637 fons
580 597 669 650 justitiae
685 602 704 636 et
719 597 846 650 apostolatus.

77 654 133 692 Rom·
149 658 166 700 1,
181 655 200 696 lr-
215 659 233 695 5·
249 655 267 701 ll,
283 658 315 697 25.
330 652 396 695 2001.
411 657 430 701 5,
447 658 479 695 le.

130 720 149 745 v.
163 713 182 748 2.
196 703 285 759 adezer,
299 709 372 760 auteres)
385 708 424 746 Hic
438 707 547 746 versiculus
561 707 607 746 lmie
621 706 715 757 epistolae
729 705 785 745 addit
798 720 847 757 spra-

76 762 114 801 toti
126 761 212 800 formam.
233 786 259 792 -
277 763 407 812 ἐκκλησίαις,
424 761 515 815 ecclesiis)
529 761 606 801 Plurali
619 762 686 810 utitur,
701 760 726 800 ob
740 761 848 800 multitudi-

76 829 121 854 nem
135 817 260 855 ecclesiarum
278 823 297 856 et
311 817 426 870 oppidorum
444 818 465 856 in
479 815 564 856 Galatia.
592 816 662 867 Neque
681 816 736 855 addit
755 815 847 867 epitheta,

77 870 105 909 uti
119 870 144 908 ad
158 871 215 909 Rom.
231 870 274 909 Gor.
290 877 325 911 etc.
337 895 364 901 —
378 872 485 924 patariae,
502 870 602 925 Galatiae)
618 871 691 913 lPetr.
708 876 726 919 l,
741 877 759 913 1.

130 938 149 963 v.
164 924 223 968 11.τέ
237 922 320 975 δόντος,
335 927 369 978 qai
382 925 441 978 decl-it)
456 925 536 964 Gratiae
552 931 571 965 et
581 927 637 978 pacis
652 925 786 977 appr-acationi
801 938 847 964 nus-

77 991 135 1041 quam
149 980 196 1018 alibi
209 979 283 1018 Paulus
296 981 356 1020 talem
369 981 492 1032 periphrasin
502 980 563 1019 addit.
579 981 613 1032 qui
626 981 712 1028 tradidit,
728 994 743 1018 c.
753 985 770 1028 2,
780 985 811 1022 20.
819 1003 846 1010 —-

77 1033 193 1085 αμαρτιῶν,
205 1034 297 1085 peccetis]
314 1048 364 1086 quae
378 1048 414 1073 nos
428 1035 480 1073 malo
494 1035 539 1073 huic
554 1036 619 1074 seculo
628 1035 768 1086 manciparant.
779 1035 846 1081 -ἕξ-

77 1087 155 1134 ἕληται,
169 1087 259 1140 eriperet)
273 1089 345 1127 Totum
355 1089 470 1128 beneficium
484 1089 608 1128 redemtionis
622 1088 697 1127 Paulus
712 1088 806 1128 describit
821 1089 846 1126 ab

77 1152 100 1177 ea
114 1145 178 1189 parte,
193 1142 212 1178 in
227 1154 265 1191 qua
279 1143 401 1194 potissimum
413 1142 529 1181 laborabant
543 1142 636 1191 Galatae,
647 1144 699 1182 malo
714 1143 798 1182 Judaico
813 1143 846 1181 ab·

76 1193 132 1244 repti-
147 1219 174 1226 -
188 1192 294 1243 Suegeiroe,
305 1196 417 1249 praesente)
431 1198 529 1235 Praesens
545 1198 582 1236 hoc
594 1198 657 1245 durat,
672 1211 731 1248 quam
745 1197 779 1235 diu
791 1198 847 1236 mali-

76 1247 104 1285 tia
117 1247 177 1297 riget.
192 1271 217 1277 —-
233 1250 308 1295 αἰῶνος
322 1251 411 1304 euperpa,
431 1253 493 1290 seculo
502 1251 567 1304 'rrealol
582 1252 656 1291 Rarum
669 1251 765 1302 loquendi
779 1265 847 1302 genus,

16 1350 17 1353 Ἰ
77 1314 115 1352 quo
129 1306 207 1340 notatur
220 1307 263 1340 tota
276 1305 387 1344 oeconomia
397 1306 489 1356 peccati,
508 1305 543 1344 sub
563 1310 661 1357 potestate
676 1305 767 1344 Satanae.
795 1306 847 1344 Huic

76 1357 148 1403 seculo,
169 1354 194 1408 [et
202 1370 268 1407 pravo
283 1357 300 1397 et
313 1360 395 1408 infelici,
416 1359 442 1397 V.
457 1359 484 1414 g.]
500 1359 525 1397 de
539 1372 578 1411 quo
593 1360 642 1399 conf.
656 1360 713 1398 Rom.
728 1365 747 1408 5,
762 1366 790 1409 6.,
809 1373 847 1412 quo

77 1408 159 1447 Galatae
173 1423 236 1461 paene
256 1411 316 1451 ablati
336 1418 400 1460 erant,
416 1419 545 1465 ,opponuntur
562 1418 627 1453 secale
641 1417 752 1454 seculorum.
771 1429 790 1453 v.
805 1428 847 1467 seq.

76 1462 172 1502 Praesens
186 1467 269 1504 secatam
287 1467 351 1507 obstat
366 1468 440 1519 gloriae
454 1468 502 1516 Dei,
521 1473 541 1507 ct
557 1474 586 1507 est
601 1468 637 1508 snb
655 1474 753 1521 potestate
768 1469 793 1509 za
807 1485 848 1510 πο-

76 1517 135 1571 rape,
151 1519 207 1557 irrata.
235 1519 335 1573 Nusquam
350 1522 439 1574 parcius,
458 1521 516 1574 quam
533 1523 554 1561 in
567 1524 604 1563 hac
619 1524 711 1575 epistola,
730 1524 804 1562 Paulus
823 1523 847 1562 de

77 1571 150 1610 Satana
162 1573 254 1623 loquitur.
275 1600 300 1606 -—
319 1573 385 1624 aurei,
404 1577 515 1629 secandam)
531 1577 606 1617 Gonstr.
621 1592 664 1616 cum
683 1579 717 1629 qui
730 1579 786 1618 dedit.
801 1577 846 1617 Jeh.

77 1631 108 1672 10,
117 1631 148 1668 18.
158 1626 190 1665 fin.
205 1651 230 1657 -
244 1625 270 1669 τό
282 1630 372 1679 θέλημα,
386 1632 509 1683 eolrcrrtetem)
519 1632 561 1670 sine
574 1634 642 1671 merito
653 1639 726 1671 nostre.
743 1633 792 1671 conf.
800 1632 846 1671 Joh.

76 1685 95 1728 6,
109 1685 141 1723 58.
154 1694 169 1719 s.
184 1703 211 1709 -
224 1683 267 1731 ael,
281 1684 306 1735 et)
321 1683 368 1722 Vid.
383 1684 440 1724 Rom.
457 1692 488 1735 15,
503 1692 522 1728 6.
537 1691 576 1724 not.

130 1748 148 1772 v.
164 1739 182 1777 5.
199 1731 212 1785 ἦ
227 1731 285 1786 δόξα,
302 1737 374 1790 plenia)
393 1736 429 1791 pro
442 1740 480 1779 hac
493 1742 589 1779 eolzentete
607 1740 708 1780 salutifica.
736 1739 846 1779 Exordium

76 1787 156 1829 laetum.
332 1833 335 1836 ,
614 1811 618 1822 ·-
713 1804 727 1816 ‘

129 1856 148 1880 v.
162 1849 181 1885 6.
196 1841 312 1894 θαυμάζω,
329 1846 397 1899 orirer)
416 1847 449 1886 Ad
463 1848 549 1899 reliquas
567 1862 634 1888 omnes
649 1848 743 1888 ecclesias
757 1848 846 1888 scribens

76 1894 150 1943 Paulus
161 1897 261 1936 exorditur
271 1898 295 1937 ab
310 1913 403 1952 expressa
418 1901 523 1953 gratiarnm
538 1905 614 1942 actione
624 1908 643 1941 et
656 1903 716 1942 laude
725 1903 774 1941 Dei:
790 1916 847 1955 quae,

76 1962 97 1987 re
108 1950 139 1988 hic
147 1951 201 1996 aliud
208 1957 306 2003 poscente,
316 1960 381 1993 tamen
388 1953 537 2007 'repraesentata
546 1964 575 1996 est
582 1971 641 1997 versu
649 1963 668 2001 5.
683 1958 749 1997 Etiam
759 1958 847 2010 appella-

76 2004 147 2042 tionem
150 2007 241 2053 flatrum
248 2006 317 2046 differt.
329 2009 428 2049 Summam
435 2012 529 2062 epistolae
535 2012 587 2052 hanc
594 2013 672 2052 damus:
679 2012 749 2052 Partes
758 2019 803 2052 sunt
808 2013 845 2052 ΠΙ.

98 2085 112 2117 Ι.
129 2087 227 2132 Inscriptio.
565 2094 568 2097 ’
725 2107 740 2131 e·
753 2097 767 2130 Ῑ.
793 2102 845 2135 1—5.

98 2133 223 2170 ILRevocatio
236 2136 337 2173 Galatarum
349 2141 444 2177 adrerum
457 2144 579 2188 evangelium:
595 2145 626 2179 ubi
767 2164 769 2167 ·

136 2188 152 2219 1.
166 2194 195 2217 eos
207 2185 323 2228 reprehendit.
658 2225 660 2229 .
781 2198 846 2232 6—10.

135 2236 151 2266 2.
165 2232 253 2276 evangelii
269 2234 291 2267 ab
308 2247 346 2270 sese
366 2239 464 2281 praedicati
485 2242 606 2274 auctoritatem
624 2233 702 2274 divinam

195 2282 266 2314 asserit:
280 2284 343 2328 quippe
357 2287 387 2329 qni
707 2301 709 2306 “

158 2327 175 2371 l)
189 2339 211 2361 ex
222 2336 333 2373 persecutore
345 2335 402 2369 faetus
415 2337 438 2370 sit
447 2337 537 2381 apostolus
546 2348 578 2381 per
590 2337 701 2371 vocationem

195 2377 295 2412 coelestem.
768 2391 845 2425 11-17-

158 2422 175 2467 2)
188 2424 223 2468 ipsi
236 2425 288 2460 Petro
301 2439 320 2462 se
332 2440 422 2474 nunqnam
433 2433 518 2478 imparem
530 2434 610 2477 gesserit.
732 2437 781 2471 18·s·
792 2430 823 2472 v21·
831 2446 845 2469 s-

694 2480 717 2514 Π.
742 2488 845 2522 1.s.11.s.

134 2522 150 2554 5.
161 2519 306 2575 justificationem
318 2527 412 2570 perfidem
420 2528 504 2571 vindieat,
517 2530 589 2564 Galatas
600 2529 657 2562 denuo
670 2529 700 2563 ob-

167 2578 248 2613 jurgans.
600 2578 632 2611 ΠΙ.
658 2584 695 2615 l.s.
709 2580 802 2617 15.-IV.
816 2587 845 2619 lt.

133 2619 150 2650 4.
164 2616 240 2672 Galatis,
257 2622 350 2657 tenerrimo
363 2625 435 2668 affectu,
452 2625 525 2660 eandem
536 2637 574 2660 rem
591 2638 622 2671 per
634 2627 701 2671 allego-

164 2675 215 2718 ·nam
227 2667 263 2699 filii·
273 2671 349 2704 ancill‘ae
362 2676 379 2705 et
391 2674 425 2706 tilii
437 2674 504 2709 liberae
517 2675 605 2719 explanat.
772 2676 802 2709 IV·
816 2682 845 2714 la.

134 2713 151 2745 5.
163 2713 204 2746 mdc
217 2714 240 2747 ad
251 2715 350 2753 libertatern
362 2722 445 2756 tuendam
459 2735 488 2757 eos
501 2723 589 2757 hortatur:
731 2723 753 2756 V·
779 2730 845 2764 1-12.

170 2765 187 2792 et
199 2763 305 2817 atlibertatis
316 2767 373 2801 abusu
383 2769 462 2813 deterret,
476 2775 527 2816 atque
535 2776 555 2805 ut
566 2783 602 2805 non
611 2773 630 2804 in
643 2781 699 2812 earne,

169 2808 200 2840 sed
212 2821 231 2841 m
243 2812 305 2855 spiritu
318 2817 417 2861 ambulent,
430 2825 495 2854 monet.
579 2826 628 2857 lae.
642 2818 735 2856 tta-W·
749 2825 765 2856 5·
780 2826 845 2859 6-10.

96 2895 100 2903 Ι
123 2874 130 2905 ⁴,
141 2851 240 2907 Conclusio.
710 2873 739 2905 ll·
746 2879 760 2902 ⁵·
774 2874 802 2907 17·
817 2875 845 2908 18·

74 2893 121 2937 Vrd.
136 2903 195 2939 etiam
208 2909 248 2942 not.
264 2907 290 2945 ad
304 2923 346 2962 cap.
362 2918 380 2961 2,
396 2919 428 2957 16.

74 2998 101 3006 -
115 2976 157 3020 aiter
171 2986 259 3045 aaziae,
279 2996 319 3030 ram
333 2994 378 3047 cito)
395 2995 440 3036 Non
457 2997 518 3037 multo
539 3002 583 3036 ante
596 2996 671 3035 Paulus
691 2998 745 3049 apud
763 2997 845 3048 Galatas

74 3030 142 3100 fuerat.
156 3035 209 3077 Vrde
222 3040 339 3106 Orchtenep.
354 3062 401 3101 pag.
416 3057 462 3096 281.
478 3051 523 3107 [Ed
536 3053 564 3091 Π·
578 3065 598 3103 P·
606 3053 653 3094 242·
667 3064 699 3090 ΠΟ·
708 3052 734 3109 6·l
745 3049 772 3087 ‚⁷-
781 3071 846 3109 lm*

74 3090 169 3143 vaecors,
185 3098 335 3159 treaa‘eame'ae')
351 3102 417 3148 Grave
431 3107 522 3158 verbum,
537 3105 624 3146 admixta
639 3108 770 3151 excusatione.
799 3110 846 3153 Hie-

666 3158 704 3204 ΡΣ).
