1922 3513
346 230 402 266 nou.
415 229 461 273 vm,
472 234 558 268 νν-νσ.
762 235 766 244 ’
810 236 836 279 ει,

64 337 138 380 datam,
157 334 179 370 ut
192 328 279 368 homiues
293 326 482 380 interpretabantur,
500 325 521 364 in
534 323 592 364 ludos
606 322 718 376 insumpsiti
737 338 776 378 quo
790 325 834 380 ipsc

0 382 6 401 ³
63 388 146 443 populus
159 385 188 423 ita
201 388 306 424 commotus
316 388 351 431 est,
365 386 388 421 ut
400 380 514 443 inperatori
524 379 576 419 diras
585 378 732 432 imprecaretur.
741 404 768 410 -«
775 377 848 437 cippi&

64 440 130 495 ruspare)
144 438 220 488 Innuit,
235 439 292 477 finem
305 437 346 477 fore
361 437 403 489 ejus
417 439 501 487 gernrtus
516 439 536 473 ot
550 433 645 473 dolorrmr.

117 526 136 551 v.
152 517 183 554 25.
198 507 210 550 ε’
223 509 290 562 μόνον
304 510 337 559 δὲ,
351 522 390 549 non
404 510 466 548 ενῐιιννι
479 505 533 559 uero)
548 505 653 545 Concludit
668 518 680 544 a
693 504 777 558 suspirio
790 506 836 545 forti
869 511 871 513 ’

64 569 91 610 ad
104 566 208 619 suspirium
221 565 282 604 inulto
296 564 371 604 fortius.
385 585 413 591 —-
427 559 489 603 αὐτοὶ
503 586 529 595 -
544 560 581 602 uui
595 555 654 611 ἡμεῖς
668 557 740 612 αὐτοὶ,
754 561 793 612 ipsi
808 582 836 589 -

64 626 120 665 etium
137 634 172 661 nos
190 619 239 672 ipsi)
258 619 316 658 Prius
335 620 374 670 ipsi
392 616 475 657 refertur
494 629 530 667 per·
549 614 658 654 antitheton
676 614 703 654 ad
720 622 836 664 creauerunt,

64 694 82 718 v,
97 684 129 721 22.
147 675 254 727 post-erius,
270 674 296 713 ad
309 687 329 712 u.
344 679 376 717 26.
396 673 420 712 de
441 671 522 723 spiritu:
542 675 562 709 et
582 674 647 709 tamen
666 682 726 709 unum
744 669 837 723 idemque

1 730 5 757 ἕ
64 724 173 784 subjeetum
186 729 276 778 denotat3
293 728 341 768 alies
356 727 438 767 dixisset
450 725 556 778 apostolus,
572 721 633 766 αὐτοὶ
649 726 668 765 οἱ
682 719 721 773 τάν
736 721 838 779 άπαρχάν

0 827 4 834 „⁴
63 790 106 829 uri.
121 810 146 818 -
161 779 200 833 τήν
214 778 313 835 ἀπαρχήν
327 781 353 822 τά
366 778 493 830 πνεύματος,
504 779 604 831 primitius
618 777 706 829 spiritus)
720 777 733 817 i.
743 791 759 817 e.
774 780 837 829 Spiri-

64 849 112 888 tuin,
131 838 165 889 qui
183 842 213 877 est
227 837 332 888 prirrritine.
352 835 391 886 rid.
411 833 476 877 2001:
493 838 515 882 1,
530 839 562 876 22.
578 837 618 871 not.
651 831 722 872 siranus
737 833 838 883 primitiae

0 899 5 938 ἶ
64 894 159 947 precedunt
172 897 307 932 ereaturarum
321 891 365 939 Dei,
379 889 423 929 Jue-
439 896 456 936 1,
472 892 503 931 18.
520 888 655 939 habemusque
666 887 767 937 prinu'tius
780 888 837 939 spiri-

0 962 12 993 ῑ
64 957 99 988 tus.
114 951 172 998 atque
186 946 237 985 idem
250 945 334 997 Spiritus
348 948 439 996 penetrat
453 954 520 982 ornnes
534 949 641 990 creaturus,
657 940 746 990 Ρε.159,
757 947 784 984 7.;
799 954 838 995 quo

0 1015 3 1022 ²
65 1017 90 1042 ex
107 1001 149 1040 loeo
167 1001 251 1052 gemitus
269 1004 369 1039 creaturae
389 998 505 1038 declaratur.
534 997 636 1036 Prirnitius
653 995 727 1035 habere
746 996 838 1037 dicuntur

0 1047 2 1059 ι
64 1056 98 1096 filii
110 1056 158 1103 Dei,
177 1068 236 1106 quarn
250 1054 283 1093 diu
296 1058 341 1093 sunt
355 1054 375 1092 iu
389 1053 426 1091 via.
456 1053 557 1091 Primitiae
572 1056 592 1090 et
609 1051 683 1090 bonum
696 1051 792 1101 primitias
807 1064 836 1091 se·

0 1104 3 1113 ξ
65 1123 126 1163 quens
140 1108 174 1160 qui
186 1108 269 1156 habent,
283 1107 343 1146 iidem
358 1112 408 1146 sunt.
423 1129 450 1135 -
468 1103 560 1159 ἔχοντες,
579 1103 677 1156 linientes)
694 1105 740 1145 Hoc
753 1106 838 1149 involvit

65 1176 149 1212 causam,
163 1163 209 1213 qiua
222 1164 352 1201 laternas-
361 1160 383 1200 ἓν
397 1159 487 1206 ἑαυτοῖς,
500 1160 521 1198 in
534 1159 587 1198 notis
602 1157 658 1211 ipisis)
669 1157 776 1211 Significat,
790 1161 837 1201 fide-

0 1234 3 1263 ς
64 1219 111 1257 lium
126 1216 219 1280 gemitum
237 1216 296 1266 longe
311 1214 388 1253 differre
403 1227 415 1252 a
433 1213 507 1264 gemitu
527 1218 634 1252 creaturae.
654 1234 681 1241 --
701 1210 838 1266 στενάζομεν)

1 1267 3 1273 ’
65 1269 162 1316 Στεναζω
183 1269 202 1307 h.
216 1269 230 1308 l.
252 1274 272 1308 et
293 1282 311 1307 r.
329 1274 361 1312 22.
381 1266 478 1319 siguificat
496 1280 539 1306 σνινπ
557 1268 628 1319 pernitie
649 1267 766 1308 desiderare.
793 1268 838 1308 eol.

65 1324 129 1369 2Cor.
144 1328 163 1371 5,
177 1326 196 1366 li.
216 1345 242 1352 -
260 1318 309 1372 τάν)
329 1322 368 1361 Hie
383 1321 476 1360 articulus
496 1321 590 1369 ostendit,
609 1322 743 1374 appositione,
765 1322 782 1362 si
797 1336 840 1362 eam

65 1379 163 1425 resolvas,
181 1377 232 1415 lreno
251 1377 344 1415 contineri
361 1376 487 1415 sont-entiam:
507 1376 598 1414 redemtio
616 1376 704 1427 eorporis
722 1378 794 1425 riustri,
813 1385 840 1417 est

0 1470 4 1476 Ἴ,
66 1432 148 1484 adoptio.
159 1456 187 1463 -
200 1428 239 1480 trin
254 1426 410 1482 α’πολάπρωσιν,
425 1429 562 1482 liberationem)
577 1429 634 1470 Haec
645 1430 682 1469 erit
695 1430 716 1468 iu
730 1431 762 1470 die
775 1432 839 1471 novis-

66 1488 119 1534 sirno,
135 1498 193 1537 quem
206 1484 244 1524 sibi
255 1486 297 1537 jam
311 1491 352 1524 turn
366 1484 466 1522 imminere
480 1483 621 1535 proponebant.
643 1484 708 1525 affine
722 1485 840 1541 ἐλευθερία,

66 1542 147 1579 libertus.
162 1539 210 1578 Luc.
226 1545 258 1587 20,
273 1544 305 1582 56.
325 1538 377 1592 [Non
390 1552 413 1577 eu
427 1538 509 1577 libertas
522 1538 615 1586 innuitur,
631 1553 670 1590 qua
685 1553 720 1578 nor
736 1540 840 1580 liberemur

66 1608 155 1645 corpore,
170 1595 204 1633 sed
217 1607 249 1642 eu,
264 1607 303 1645 qaeu
317 1606 387 1644 eorpus
400 1599 460 1632 ruorte
474 1593 572 1632 liberatur.
587 1593 613 1632 V.
628 1593 656 1649 g.]

120 1679 139 1704 v.
153 1668 185 1708 21.
201 1663 377 1716 ἒλπίὂι)])πιὶπιιε,
392 1678 431 1703 non
438 1664 503 1713 medii,
516 1665 552 1704 sed
565 1664 623 1705 modi.
638 1665 666 1705 ita
680 1667 753 1705 salvati
766 1679 839 1716 suarius,

66 1726 88 1760 ut
102 1719 185 1771 supersit
200 1719 312 1768 etiamnum,
323 1719 376 1771 quod
387 1732 493 1771 speremus,
509 1723 528 1758 et
536 1720 619 1759 salutem
633 1724 653 1758 et
667 1719 757 1771 gloriam.
779 1720 839 1762 Limi-

67 1779 95 1814 iat
108 1779 231 1826 praesentem
245 1773 333 1823 salutem,
348 1773 389 1822 sed,
404 1773 451 1812 dum
463 1773 540 1821 limitat,
554 1774 591 1813 hoe
602 1774 645 1826 ipso
660 1787 703 1814 eam
717 1787 839 1828 praesuppo-

67 1828 100 1867 nit.
114 1850 142 1856 -
155 1827 175 1867 ri
189 1828 236 1878 rai)
250 1828 355 1867 ceretium
369 1832 437 1879 speret
450 1827 484 1866 ille
497 1826 534 1866 idi
549 1841 593 1867 curn
607 1828 692 1877 visione,
706 1842 746 1868 non
760 1834 790 1869 est
804 1843 840 1882 spe

67 1895 121 1933 opus.
147 1882 206 1921 Beati
220 1886 276 1921 erunt
290 1883 338 1921 cert-i
352 1881 377 1920 de
391 1881 506 1921 aeternitate
521 1895 568 1921 suae
582 1882 722 1933 beatitudinis,
741 1884 787 1936 quia
800 1898 840 1925 non

67 1936 153 1987 egebunt
166 1949 211 1988 spe:
228 1936 317 1988 adeoque
332 1940 388 1975 erunt
402 1935 515 1975 confirmati.

120 2014 139 2039 v.
154 2005 186 2043 25.
201 2002 220 2041 εἰ
232 2002 260 2050 δὲ,
273 2002 291 2040 si
304 2000 357 2053 uero)
372 2002 403 2041 Ex
417 2007 488 2041 natura
497 2002 541 2054 spei
550 2002 630 2042 deducit
639 2002 727 2044 fidelium
738 2011 840 2058 exspecta-

67 2056 143 2095 tionem.

120 2132 139 2158 v.
155 2124 186 2162 26.
201 2119 243 2167 ani,
258 2119 322 2173 eticcnz)
336 2120 381 2160 Non
395 2121 459 2161 solum
468 2127 559 2162 creatura
571 2124 633 2164 omnis
643 2124 735 2177 suspirat,
750 2125 786 2165 sed
794 2125 842 2179 Ipse

68 2173 151 2225 Spiritus
164 2172 203 2212 fert
217 2173 316 2213 auxilium.
332 2176 376 2214 coll,
390 2189 409 2215 v.
418 2183 450 2220 25.
460 2180 500 2216 not.
509 2184 528 2228 2.
540 2177 632 2218 'Fideles
642 2191 668 2217 ex
680 2184 764 2232 utroque
778 2181 842 2222 latere

67 2228 116 2266 tales
130 2227 208 2274 habent,
223 2229 257 2278 qui
274 2242 318 2267 oum
331 2230 370 2269 illis
385 2236 466 2281 gemunt
480 2236 500 2270 et
514 2245 635 2272 eommrmern
649 2247 694 2273 cum
707 2234 747 2274 illis
756 2245 841 2277 ‘eausam

67 2282 148 2321 iaciunt:
163 2294 189 2320 ex
202 2295 240 2320 uno
254 2282 316 2322 latere
331 2289 393 2324 totam
401 2293 517 2336 creuturcun,
533 2299 558 2325 ex
572 2287 634 2327 altero
648 2288 709 2333 multo
723 2290 787 2342 magis
796 2291 841 2344 Spi-

67 2337 130 2375 rituru.
159 2335 259 2386 Quatenus
273 2336 359 2391 Spiritus
376 2341 446 2391 gemit,
464 2345 567 2393 respectus
587 2346 617 2380 est
636 2342 661 2381 ad
680 2357 724 2383 noe:
744 2349 841 2395 quatenus

68 2391 124 2429 eticae
138 2391 233 2429 auxilium
246 2392 289 2441 fert,
303 2399 404 2446 respectus
420 2400 449 2434 est
463 2396 489 2434 ad
502 2402 653 2435 ereuturana—
667 2396 842 2452 συναντιλαμβά-

68 2443 138 2506 νεται)
154 2441 194 2485 σάν
207 2445 228 2484 in
241 2445 279 2486 hoe
291 2449 409 2501 composito,
427 2455 449 2489 ut
462 2449 651 2505 ἰπσνμμαρτνρεῖ,
668 2464 688 2489 v.
704 2456 736 2494 16.
749 2473 775 2480 -
795 2453 842 2501 ταῖς

69 2497 200 2552 ασθενειάις)
208 2501 228 2538 iu
241 2501 354 2552 arctioribus,
370 2516 420 2555 qrrae
429 2504 503 2543 suntin
512 2508 581 2543 nostre
590 2505 701 2557 cognitione
710 2511 730 2546 et
743 2507 764 2545 in
770 2508 842 2549 nost-ris

69 2552 125 2591 votis,
141 2552 260 2601 abstractum
266 2569 303 2607 pro
311 2563 413 2598 concreto:
423 2559 570 2612 affinitatibus,
580 2558 602 2598 id
613 2564 649 2608 est,
656 2560 782 2611 orationibus,
792 2576 843 2616 quae

69 2618 104 2657 per
119 2618 140 2645 se
153 2607 241 2648 infirmae
255 2609 306 2651 sunt.
321 2637 347 2643 —
361 2608 410 2667 γάρ,
425 2613 480 2667 nuria)
494 2613 589 2666 Explicat
602 2614 683 2664 Paulus,
699 2629 749 2668 quae
761 2618 800 2657 sint
813 2620 843 2659 in-

67 2661 171 2707 traritutes.
185 2684 212 2690 -
227 2663 248 2703 σι’
260 2687 288 2694 -
302 2661 371 2717 καθά,
386 2669 434 2719 quid
447 2694 472 2702 -
487 2667 543 2721 sicut)
562 2667 616 2708 Oonf.
631 2672 724 2721 quomodo
742 2679 777 2711 eut
790 2673 843 2724 quid

69 2713 139 2779 lipith-
149 2720 181 2765 10,
195 2722 227 2761 19.
237 2743 265 2751 —
278 2717 463 2776 ὑπερεντυγχάνει)
478 2719 539 2778 ὑπὲρ,
553 2737 623 2776 ενγινε
637 2725 666 2764 uti
679 2738 698 2763 v.
708 2730 741 2769 57.
755 2723 844 2782 ὑπερνι-

70 2782 144 2819 κωμεν·
157 2774 182 2819 et,
196 2767 402 2830 ὑπερεπερίσσευσεν,
417 2791 433 2816 e.
441 2781 460 2826 5,
468 2783 501 2821 20.
528 2777 644 2830 Utrumque,
655 2773 844 2834 ὑπερεντυγχάνει,

70 2821 145 2885 hoen,
160 2829 179 2864 et
188 2823 322 2887 ἐντυγχάνει,
337 2843 356 2867 v.
372 2835 411 2879 27,
425 2833 562 2884 praedicatum
576 2838 606 2872 est
620 2833 645 2871 de
659 2833 728 2873 eodem
743 2833 843 2886 Srrbjecto,

70 2876 144 2937 seilicet
159 2878 233 2930 Spnrtu
245 2882 265 2921 S.
288 2882 321 2923 Sic
329 2883 371 2923 fere
384 2885 427 2925 fieri
441 2886 497 2936 solet,
510 2892 533 2926 nt
541 2887 604 2940 primo
618 2887 701 2927 verbum
716 2889 843 2941 compositum

70 2942 90 2967 ru
104 2944 140 2970 sua
154 2933 248 2986 emphasi.
252 2937 308 2988 justa
321 2943 411 2991 ponatur,
426 2941 497 2981 deindo
512 2954 569 2991 vero,
583 2942 626 2981 loeo
640 2942 688 2993 ejus,
703 2942 788 2995 simplex
801 2949 843 2985 tarr·

71 2987 168 3048 tummodo
182 2994 289 3040 repetatur.
313 2992 346 3033 Sie
356 2993 415 3034 Rom.
424 3001 456 3045 l5,
464 3001 483 3042 li·
498 2993 623 3053 προεγράφη
636 2997 701 3048 prius:
716 2998 844 3051 subsequitur·

71 3042 843 3107 genuinumalteurme'ppoipu.—grammicis,suspiriis)0mnesuspiriumpro-

71 3090 162 3135 fiersortur
170 3096 249 3149 (thema,
258 3096 328 3154 ςενάς)
339 3115 364 3143 ex
373 3106 474 3157 augustiis.
484 3106 551 3159 itaque
557 3106 639 3147 materia
646 3107 774 3161 suspiriorum
781 3114 811 3149 est
818 3121 844 3150 ex
