<?xml version="1.0" encoding="UTF-8"?>
<!DOCTYPE html PUBLIC "-//W3C//DTD XHTML 1.0 Transitional//EN"
    "http://www.w3.org/TR/xhtml1/DTD/xhtml1-transitional.dtd">
<html xmlns="http://www.w3.org/1999/xhtml" xml:lang="en" lang="en">
 <head>
  <title>
</title>
<meta http-equiv="Content-Type" content="text/html;charset=utf-8" />
  <meta name='ocr-system' content='tesseract 3.04.00' />
  <meta name='ocr-capabilities' content='ocr_page ocr_carea ocr_par ocr_line ocrx_word'/>
</head>
<body>
  <div class='ocr_page' id='page_1' title='image "MN41931ucmf_0_0277.png"; bbox 0 0 1922 3513; ppageno 0'>
   <div class='ocr_carea' id='block_1_1' title="bbox 368 235 849 290">
    <p class='ocr_par' dir='ltr' id='par_1_1' title="bbox 368 235 849 290">
     <span class='ocr_line' id='line_1_1' title="bbox 368 235 849 290; baseline 0.012 -10"><span class='ocrx_word' id='word_1_1' title='bbox 368 246 421 281; x_wconf 78' lang='lat' dir='ltr'>ann.</span> <span class='ocrx_word' id='word_1_2' title='bbox 432 235 463 290; x_wconf 81' lang='lat' dir='ltr'>rr,</span> <span class='ocrx_word' id='word_1_3' title='bbox 476 252 560 285; x_wconf 76' lang='lat' dir='ltr'>as-so.</span> <span class='ocrx_word' id='word_1_4' title='bbox 813 252 849 286; x_wconf 75' lang='lat' dir='ltr'>aar</span> 
     </span>
    </p>
   </div>
   <div class='ocr_carea' id='block_1_2' title="bbox 78 341 873 1055">
    <p class='ocr_par' dir='ltr' id='par_1_2' title="bbox 78 341 873 1055">
     <span class='ocr_line' id='line_1_2' title="bbox 78 341 873 403; baseline -0.006 -13"><span class='ocrx_word' id='word_1_5' title='bbox 78 349 166 403; x_wconf 77' lang='lat' dir='ltr'>Haparr&#39;s</span> <span class='ocrx_word' id='word_1_6' title='bbox 180 343 297 386; x_wconf 76' lang='lat' dir='ltr'>mentionem</span> <span class='ocrx_word' id='word_1_7' title='bbox 309 342 409 394; x_wconf 87' lang='lat' dir='ltr'>postulant</span> <span class='ocrx_word' id='word_1_8' title='bbox 422 341 457 380; x_wconf 88' lang='lat' dir='ltr'>illa</span> <span class='ocrx_word' id='word_1_9' title='bbox 470 341 536 389; x_wconf 85' lang='lat' dir='ltr'>verba,</span> <span class='ocrx_word' id='word_1_10' title='bbox 551 341 611 381; x_wconf 81' lang='lat' dir='ltr'>seruit</span> <span class='ocrx_word' id='word_1_11' title='bbox 623 342 673 381; x_wconf 81' lang='lat' dir='ltr'>euim</span> <span class='ocrx_word' id='word_1_12' title='bbox 687 356 729 382; x_wconf 84' lang='lat' dir='ltr'>cara</span> <span class='ocrx_word' id='word_1_13' title='bbox 736 345 785 395; x_wconf 84' lang='lat' dir='ltr'>filiis</span> <span class='ocrx_word' id='word_1_14' title='bbox 799 346 849 384; x_wconf 86' lang='lat' dir='ltr'>sais:</span> <span class='ocrx_word' id='word_1_15' title='bbox 870 382 873 384; x_wconf 86' lang='lat'>.</span> 
     </span>
     <span class='ocr_line' id='line_1_3' title="bbox 78 395 851 446; baseline -0.01 0"><span class='ocrx_word' id='word_1_16' title='bbox 78 420 124 446; x_wconf 88' lang='lat' dir='ltr'>uam</span> <span class='ocrx_word' id='word_1_17' title='bbox 137 404 177 443; x_wconf 83' lang='lat' dir='ltr'>sar&#39;s</span> <span class='ocrx_word' id='word_1_18' title='bbox 190 400 282 446; x_wconf 81' lang='lat' dir='ltr'>refertur,</span> <span class='ocrx_word' id='word_1_19' title='bbox 302 402 324 436; x_wconf 88' lang='lat' dir='ltr'>ut</span> <span class='ocrx_word' id='word_1_20' title='bbox 341 410 380 436; x_wconf 93' lang='lat' dir='ltr'>non</span> <span class='ocrx_word' id='word_1_21' title='bbox 394 395 420 435; x_wconf 86' lang='lat' dir='ltr'>ad</span> <span class='ocrx_word' id='word_1_22' title='bbox 431 397 491 443; x_wconf 73' lang='lat' dir='ltr'>stae,</span> <span class='ocrx_word' id='word_1_23' title='bbox 511 401 611 443; x_wconf 87' lang='lat' dir='ltr'>neutrum,</span> <span class='ocrx_word' id='word_1_24' title='bbox 630 396 658 435; x_wconf 90' lang='lat' dir='ltr'>ita</span> <span class='ocrx_word' id='word_1_25' title='bbox 672 398 733 436; x_wconf 86' lang='lat' dir='ltr'>multo</span> <span class='ocrx_word' id='word_1_26' title='bbox 747 399 809 438; x_wconf 87' lang='lat' dir='ltr'>minus</span> <span class='ocrx_word' id='word_1_27' title='bbox 824 398 851 438; x_wconf 86' lang='lat' dir='ltr'>ad</span> 
     </span>
     <span class='ocr_line' id='line_1_4' title="bbox 78 449 850 513; baseline -0.005 -16"><span class='ocrx_word' id='word_1_28' title='bbox 78 463 160 513; x_wconf 72' lang='lat' dir='ltr'>Hapar,</span> <span class='ocrx_word' id='word_1_29' title='bbox 180 454 216 495; x_wconf 84' lang='lat' dir='ltr'>sed</span> <span class='ocrx_word' id='word_1_30' title='bbox 230 453 255 492; x_wconf 88' lang='lat' dir='ltr'>ad</span> <span class='ocrx_word' id='word_1_31' title='bbox 268 453 387 501; x_wconf 73' lang='lat' dir='ltr'><em>Jerusalem,</em></span> <span class='ocrx_word' id='word_1_32' title='bbox 406 465 456 502; x_wconf 84' lang='lat' dir='ltr'>qaae</span> <span class='ocrx_word' id='word_1_33' title='bbox 467 462 521 489; x_wconf 67' lang='lat' dir='ltr'>&#39;uuae</span> <span class='ocrx_word' id='word_1_34' title='bbox 535 456 567 489; x_wconf 85' lang='lat' dir='ltr'>est.</span> <span class='ocrx_word' id='word_1_35' title='bbox 583 450 618 489; x_wconf 90' lang='lat' dir='ltr'>illa</span> <span class='ocrx_word' id='word_1_36' title='bbox 631 449 700 490; x_wconf 86' lang='lat' dir='ltr'>habuit</span> <span class='ocrx_word' id='word_1_37' title='bbox 707 452 783 504; x_wconf 83' lang='lat' dir='ltr'>filiam,</span> <span class='ocrx_word' id='word_1_38' title='bbox 801 454 850 494; x_wconf 84' lang='lat' dir='ltr'>haec</span> 
     </span>
     <span class='ocr_line' id='line_1_5' title="bbox 80 504 851 563; baseline -0.01 -9"><span class='ocrx_word' id='word_1_39' title='bbox 80 521 144 554; x_wconf 87' lang='lat' dir='ltr'>autem</span> <span class='ocrx_word' id='word_1_40' title='bbox 151 511 210 563; x_wconf 78' lang='lat' dir='ltr'>filios.</span> <span class='ocrx_word' id='word_1_41' title='bbox 238 508 296 546; x_wconf 89' lang='lat' dir='ltr'>Haeo</span> <span class='ocrx_word' id='word_1_42' title='bbox 310 507 334 546; x_wconf 89' lang='lat' dir='ltr'>de</span> <span class='ocrx_word' id='word_1_43' title='bbox 349 511 391 545; x_wconf 86' lang='lat' dir='ltr'>tota</span> <span class='ocrx_word' id='word_1_44' title='bbox 404 504 506 557; x_wconf 81' lang='lat' dir='ltr'>periocha:</span> <span class='ocrx_word' id='word_1_45' title='bbox 524 517 576 544; x_wconf 89' lang='lat' dir='ltr'>nunc</span> <span class='ocrx_word' id='word_1_46' title='bbox 590 504 704 556; x_wconf 78' lang='lat' dir='ltr'>singulatim</span> <span class='ocrx_word' id='word_1_47' title='bbox 718 506 784 558; x_wconf 87' lang='lat' dir='ltr'>aliqua</span> <span class='ocrx_word' id='word_1_48' title='bbox 797 507 851 547; x_wconf 88' lang='lat' dir='ltr'>vide-</span> 
     </span>
     <span class='ocr_line' id='line_1_6' title="bbox 79 557 852 616; baseline -0.01 -7"><span class='ocrx_word' id='word_1_49' title='bbox 79 570 148 610; x_wconf 88' lang='lat' dir='ltr'>bimus.</span> <span class='ocrx_word' id='word_1_50' title='bbox 163 586 191 592; x_wconf 92' lang='lat'>—</span> <span class='ocrx_word' id='word_1_51' title='bbox 205 561 256 602; x_wconf 65' lang='lat' dir='ltr'>otro?</span> <span class='ocrx_word' id='word_1_52' title='bbox 270 557 325 616; x_wconf 77' lang='grc' dir='ltr'>ὅρος,</span> <span class='ocrx_word' id='word_1_53' title='bbox 341 561 391 600; x_wconf 77' lang='lat' dir='ltr'>Siaa</span> <span class='ocrx_word' id='word_1_54' title='bbox 404 558 468 612; x_wconf 87' lang='lat' dir='ltr'>rnoas)</span> <span class='ocrx_word' id='word_1_55' title='bbox 482 560 549 598; x_wconf 87' lang='lat' dir='ltr'>Moute</span> <span class='ocrx_word' id='word_1_56' title='bbox 563 560 623 608; x_wconf 77' lang='lat' dir='ltr'>Sina,</span> <span class='ocrx_word' id='word_1_57' title='bbox 638 559 698 599; x_wconf 90' lang='lat' dir='ltr'>habet</span> <span class='ocrx_word' id='word_1_58' title='bbox 711 575 730 599; x_wconf 85' lang='lat' dir='ltr'>v.</span> <span class='ocrx_word' id='word_1_59' title='bbox 740 564 783 605; x_wconf 52' lang='lat'>24*</span> <span class='ocrx_word' id='word_1_60' title='bbox 799 575 852 602; x_wconf 90' lang='lat' dir='ltr'>nunc</span> 
     </span>
     <span class='ocr_line' id='line_1_7' title="bbox 79 613 852 670; baseline -0.01 -6"><span class='ocrx_word' id='word_1_61' title='bbox 79 623 161 663; x_wconf 86' lang='lat' dir='ltr'>vertitur</span> <span class='ocrx_word' id='word_1_62' title='bbox 178 617 282 658; x_wconf 86' lang='lat' dir='ltr'>verborum</span> <span class='ocrx_word' id='word_1_63' title='bbox 301 616 355 655; x_wconf 88' lang='lat' dir='ltr'>ordo.</span> <span class='ocrx_word' id='word_1_64' title='bbox 376 615 433 670; x_wconf 85' lang='lat' dir='ltr'>(conf.</span> <span class='ocrx_word' id='word_1_65' title='bbox 447 615 498 666; x_wconf 89' lang='lat' dir='ltr'>Eph.</span> <span class='ocrx_word' id='word_1_66' title='bbox 508 621 526 663; x_wconf 88' lang='lat'>2,</span> <span class='ocrx_word' id='word_1_67' title='bbox 535 620 553 657; x_wconf 79' lang='lat' dir='ltr'>t.</span> <span class='ocrx_word' id='word_1_68' title='bbox 565 613 614 667; x_wconf 84' lang='lat' dir='ltr'>not.)</span> <span class='ocrx_word' id='word_1_69' title='bbox 642 615 711 655; x_wconf 86' lang='lat' dir='ltr'>Priore</span> <span class='ocrx_word' id='word_1_70' title='bbox 728 615 772 655; x_wconf 88' lang='lat' dir='ltr'>loco</span> <span class='ocrx_word' id='word_1_71' title='bbox 786 618 852 668; x_wconf 86' lang='lat' dir='ltr'>potior</span> 
     </span>
     <span class='ocr_line' id='line_1_8' title="bbox 79 669 852 723; baseline -0.009 -5"><span class='ocrx_word' id='word_1_72' title='bbox 79 679 128 718; x_wconf 87' lang='lat' dir='ltr'>ratio</span> <span class='ocrx_word' id='word_1_73' title='bbox 138 674 220 714; x_wconf 86' lang='lat' dir='ltr'>habetur</span> <span class='ocrx_word' id='word_1_74' title='bbox 229 673 302 720; x_wconf 83' lang='lat' dir='ltr'>raoatr&#39;s,</span> <span class='ocrx_word' id='word_1_75' title='bbox 318 676 413 723; x_wconf 85' lang='lat' dir='ltr'>qnatenus</span> <span class='ocrx_word' id='word_1_76' title='bbox 424 671 444 709; x_wconf 92' lang='lat' dir='ltr'>in</span> <span class='ocrx_word' id='word_1_77' title='bbox 454 682 476 707; x_wconf 88' lang='lat' dir='ltr'>eo</span> <span class='ocrx_word' id='word_1_78' title='bbox 485 669 519 708; x_wconf 82' lang='lat' dir='ltr'>lox</span> <span class='ocrx_word' id='word_1_79' title='bbox 532 669 579 709; x_wconf 88' lang='lat' dir='ltr'>data</span> <span class='ocrx_word' id='word_1_80' title='bbox 594 676 628 717; x_wconf 86' lang='lat' dir='ltr'>est,</span> <span class='ocrx_word' id='word_1_81' title='bbox 645 671 775 723; x_wconf 87' lang='lat' dir='ltr'>quodcunque</span> <span class='ocrx_word' id='word_1_82' title='bbox 788 672 805 710; x_wconf 90' lang='lat' dir='ltr'>is</span> <span class='ocrx_word' id='word_1_83' title='bbox 818 685 852 711; x_wconf 91' lang='lat' dir='ltr'>no-</span> 
     </span>
     <span class='ocr_line' id='line_1_9' title="bbox 79 724 852 779; baseline -0.009 -8"><span class='ocrx_word' id='word_1_84' title='bbox 79 746 124 773; x_wconf 86' lang='lat' dir='ltr'>men</span> <span class='ocrx_word' id='word_1_85' title='bbox 138 729 229 773; x_wconf 84' lang='lat' dir='ltr'>haberat:</span> <span class='ocrx_word' id='word_1_86' title='bbox 244 732 318 779; x_wconf 88' lang='lat' dir='ltr'>postea,</span> <span class='ocrx_word' id='word_1_87' title='bbox 333 727 395 778; x_wconf 85' lang='lat' dir='ltr'>magis</span> <span class='ocrx_word' id='word_1_88' title='bbox 410 724 544 764; x_wconf 78' lang='lat' dir='ltr'>consideratur</span> <span class='ocrx_word' id='word_1_89' title='bbox 556 726 607 764; x_wconf 77' lang='lat' dir='ltr'>Sirra</span> <span class='ocrx_word' id='word_1_90' title='bbox 621 738 681 774; x_wconf 91' lang='lat' dir='ltr'>mons,</span> <span class='ocrx_word' id='word_1_91' title='bbox 696 726 716 764; x_wconf 90' lang='lat' dir='ltr'>in</span> <span class='ocrx_word' id='word_1_92' title='bbox 727 725 809 765; x_wconf 90' lang='lat' dir='ltr'>Arabia.</span> <span class='ocrx_word' id='word_1_93' title='bbox 824 748 852 756; x_wconf 67' lang='grc'><strong>-</strong></span> 
     </span>
     <span class='ocr_line' id='line_1_10' title="bbox 81 779 853 837; baseline -0.008 -11"><span class='ocrx_word' id='word_1_94' title='bbox 81 786 175 837; x_wconf 64' lang='grc' dir='ltr'>σινςοιχεῖ</span> <span class='ocrx_word' id='word_1_95' title='bbox 191 781 219 834; x_wconf 76' lang='grc' dir='ltr'>δὲ)</span> <span class='ocrx_word' id='word_1_96' title='bbox 240 783 271 831; x_wconf 80' lang='grc' dir='ltr'>δὲ,</span> <span class='ocrx_word' id='word_1_97' title='bbox 291 788 363 829; x_wconf 75' lang='lat' dir='ltr'>cratera,</span> <span class='ocrx_word' id='word_1_98' title='bbox 384 779 462 820; x_wconf 88' lang='lat' dir='ltr'>tametsi</span> <span class='ocrx_word' id='word_1_99' title='bbox 475 779 495 817; x_wconf 94' lang='lat' dir='ltr'>in</span> <span class='ocrx_word' id='word_1_100' title='bbox 509 779 585 819; x_wconf 86' lang='lat' dir='ltr'>Arabia</span> <span class='ocrx_word' id='word_1_101' title='bbox 600 783 634 817; x_wconf 90' lang='lat' dir='ltr'>est.</span> <span class='ocrx_word' id='word_1_102' title='bbox 656 780 761 833; x_wconf 65' lang='grc' dir='ltr'>συςοιχεῖν</span> <span class='ocrx_word' id='word_1_103' title='bbox 776 780 853 829; x_wconf 87' lang='lat' dir='ltr'>dicitur,</span> 
     </span>
     <span class='ocr_line' id='line_1_11' title="bbox 81 834 854 893; baseline -0.006 -13"><span class='ocrx_word' id='word_1_104' title='bbox 81 841 134 893; x_wconf 86' lang='lat' dir='ltr'>quod</span> <span class='ocrx_word' id='word_1_105' title='bbox 144 841 165 878; x_wconf 91' lang='lat' dir='ltr'>in</span> <span class='ocrx_word' id='word_1_106' title='bbox 174 836 316 888; x_wconf 87' lang='lat' dir='ltr'>comparatione</span> <span class='ocrx_word' id='word_1_107' title='bbox 328 835 422 887; x_wconf 80' lang='lat' dir='ltr'>congruit.</span> <span class='ocrx_word' id='word_1_108' title='bbox 450 834 506 873; x_wconf 90' lang='lat' dir='ltr'>Haec</span> <span class='ocrx_word' id='word_1_109' title='bbox 518 834 645 885; x_wconf 81' lang='lat' dir='ltr'>congruentia</span> <span class='ocrx_word' id='word_1_110' title='bbox 654 847 691 885; x_wconf 90' lang='lat' dir='ltr'>per</span> <span class='ocrx_word' id='word_1_111' title='bbox 700 847 721 873; x_wconf 90' lang='lat' dir='ltr'>se</span> <span class='ocrx_word' id='word_1_112' title='bbox 729 840 793 886; x_wconf 90' lang='lat' dir='ltr'>patet:</span> <span class='ocrx_word' id='word_1_113' title='bbox 808 849 854 875; x_wconf 88' lang='lat' dir='ltr'>nam</span> 
     </span>
     <span class='ocr_line' id='line_1_12' title="bbox 80 888 854 945; baseline -0.006 -10"><span class='ocrx_word' id='word_1_114' title='bbox 80 896 131 935; x_wconf 86' lang='lat' dir='ltr'>idem</span> <span class='ocrx_word' id='word_1_115' title='bbox 146 898 176 933; x_wconf 87' lang='lat' dir='ltr'>est</span> <span class='ocrx_word' id='word_1_116' title='bbox 189 892 279 945; x_wconf 88' lang='lat' dir='ltr'>populus,</span> <span class='ocrx_word' id='word_1_117' title='bbox 295 891 361 943; x_wconf 89' lang='lat' dir='ltr'>quiin</span> <span class='ocrx_word' id='word_1_118' title='bbox 374 894 439 929; x_wconf 88' lang='lat' dir='ltr'>monte</span> <span class='ocrx_word' id='word_1_119' title='bbox 453 888 507 928; x_wconf 79' lang='lat' dir='ltr'>Sinai</span> <span class='ocrx_word' id='word_1_120' title='bbox 521 889 586 940; x_wconf 85' lang='lat' dir='ltr'>legem</span> <span class='ocrx_word' id='word_1_121' title='bbox 601 889 686 941; x_wconf 86' lang='lat' dir='ltr'>accepit,</span> <span class='ocrx_word' id='word_1_122' title='bbox 702 894 722 928; x_wconf 89' lang='lat' dir='ltr'>et</span> <span class='ocrx_word' id='word_1_123' title='bbox 737 891 771 941; x_wconf 89' lang='lat' dir='ltr'>qui</span> <span class='ocrx_word' id='word_1_124' title='bbox 783 890 854 930; x_wconf 89' lang='lat' dir='ltr'>urbem</span> 
     </span>
     <span class='ocr_line' id='line_1_13' title="bbox 80 944 853 996; baseline -0.006 -6"><span class='ocrx_word' id='word_1_125' title='bbox 80 950 190 990; x_wconf 78' lang='lat' dir='ltr'>Jerusalem</span> <span class='ocrx_word' id='word_1_126' title='bbox 199 946 305 993; x_wconf 78' lang='lat' dir='ltr'>inlrabitat3</span> <span class='ocrx_word' id='word_1_127' title='bbox 321 944 428 996; x_wconf 88' lang='lat' dir='ltr'>eademque</span> <span class='ocrx_word' id='word_1_128' title='bbox 437 945 506 996; x_wconf 88' lang='lat' dir='ltr'>populi</span> <span class='ocrx_word' id='word_1_129' title='bbox 514 948 597 996; x_wconf 85' lang='lat' dir='ltr'>utroque</span> <span class='ocrx_word' id='word_1_130' title='bbox 606 948 694 995; x_wconf 88' lang='lat' dir='ltr'>tempore</span> <span class='ocrx_word' id='word_1_131' title='bbox 705 945 761 984; x_wconf 86' lang='lat' dir='ltr'>ratio.</span> <span class='ocrx_word' id='word_1_132' title='bbox 790 946 853 985; x_wconf 82' lang='lat' dir='ltr'>Acce-</span> 
     </span>
     <span class='ocr_line' id='line_1_14' title="bbox 81 998 853 1055; baseline -0.006 -11"><span class='ocrx_word' id='word_1_133' title='bbox 81 1006 114 1053; x_wconf 87' lang='lat' dir='ltr'>dit,</span> <span class='ocrx_word' id='word_1_134' title='bbox 131 1003 184 1055; x_wconf 89' lang='lat' dir='ltr'>quod</span> <span class='ocrx_word' id='word_1_135' title='bbox 194 1001 248 1042; x_wconf 77' lang='lat' dir='ltr'>Sinai</span> <span class='ocrx_word' id='word_1_136' title='bbox 262 1004 281 1038; x_wconf 94' lang='lat' dir='ltr'>et</span> <span class='ocrx_word' id='word_1_137' title='bbox 289 999 399 1038; x_wconf 79' lang='lat' dir='ltr'>Jerusalem</span> <span class='ocrx_word' id='word_1_138' title='bbox 411 999 447 1038; x_wconf 88' lang='lat' dir='ltr'>snb</span> <span class='ocrx_word' id='word_1_139' title='bbox 463 999 531 1037; x_wconf 88' lang='lat' dir='ltr'>eodem</span> <span class='ocrx_word' id='word_1_140' title='bbox 539 998 580 1038; x_wconf 82' lang='lat' dir='ltr'>fere</span> <span class='ocrx_word' id='word_1_141' title='bbox 588 999 698 1037; x_wconf 86' lang='lat' dir='ltr'>Meridiano</span> <span class='ocrx_word' id='word_1_142' title='bbox 708 1004 768 1047; x_wconf 90' lang='lat' dir='ltr'>erant,</span> <span class='ocrx_word' id='word_1_143' title='bbox 785 1005 804 1039; x_wconf 90' lang='lat' dir='ltr'>et</span> <span class='ocrx_word' id='word_1_144' title='bbox 817 1003 853 1052; x_wconf 85' lang='lat' dir='ltr'>per</span> 
     </span>
    </p>
   </div>
   <div class='ocr_carea' id='block_1_3' title="bbox 80 1051 915 1105">
    <p class='ocr_par' dir='ltr' id='par_1_3' title="bbox 80 1051 915 1105">
     <span class='ocr_line' id='line_1_15' title="bbox 80 1051 915 1105; baseline -0.006 -7"><span class='ocrx_word' id='word_1_145' title='bbox 80 1064 155 1105; x_wconf 88' lang='lat' dir='ltr'>montes</span> <span class='ocrx_word' id='word_1_146' title='bbox 165 1057 206 1097; x_wconf 87' lang='lat' dir='ltr'>sine</span> <span class='ocrx_word' id='word_1_147' title='bbox 215 1067 286 1105; x_wconf 79' lang='lat' dir='ltr'>magna</span> <span class='ocrx_word' id='word_1_148' title='bbox 298 1053 453 1103; x_wconf 85' lang='lat' dir='ltr'>interpellatione</span> <span class='ocrx_word' id='word_1_149' title='bbox 467 1053 523 1104; x_wconf 82' lang='lat' dir='ltr'>quasi</span> <span class='ocrx_word' id='word_1_150' title='bbox 532 1057 668 1091; x_wconf 88' lang='lat' dir='ltr'>concatenatos</span> <span class='ocrx_word' id='word_1_151' title='bbox 680 1054 816 1093; x_wconf 86' lang='lat' dir='ltr'>cohaerebant.</span> <span class='ocrx_word' id='word_1_152' title='bbox 826 1076 854 1083; x_wconf 90' lang='lat'><em>-</em></span> <span class='ocrx_word' id='word_1_153' title='bbox 913 1051 915 1054; x_wconf 62' lang='grc'>’</span> 
     </span>
    </p>
   </div>
   <div class='ocr_carea' id='block_1_4' title="bbox 78 1107 899 2904">
    <p class='ocr_par' dir='ltr' id='par_1_4' title="bbox 78 1107 857 1647">
     <span class='ocr_line' id='line_1_16' title="bbox 80 1107 853 1162; baseline -0.004 -11"><span class='ocrx_word' id='word_1_154' title='bbox 80 1113 106 1162; x_wconf 72' lang='grc' dir='ltr'>τῆ</span> <span class='ocrx_word' id='word_1_155' title='bbox 120 1111 169 1157; x_wconf 77' lang='grc' dir='ltr'>νῦν,</span> <span class='ocrx_word' id='word_1_156' title='bbox 186 1107 293 1162; x_wconf 82' lang='lat' dir='ltr'>praesenti]</span> <span class='ocrx_word' id='word_1_157' title='bbox 307 1107 428 1154; x_wconf 82' lang='lat' dir='ltr'>Antitheton‚</span> <span class='ocrx_word' id='word_1_158' title='bbox 448 1120 539 1157; x_wconf 77' lang='lat' dir='ltr'>srqreraa.</span> <span class='ocrx_word' id='word_1_159' title='bbox 563 1108 614 1155; x_wconf 77' lang='grc' dir='ltr'>νῦν,</span> <span class='ocrx_word' id='word_1_160' title='bbox 634 1120 694 1156; x_wconf 81' lang='lat' dir='ltr'>rraac,</span> <span class='ocrx_word' id='word_1_161' title='bbox 709 1109 802 1159; x_wconf 87' lang='lat' dir='ltr'>temporis</span> <span class='ocrx_word' id='word_1_162' title='bbox 818 1115 853 1157; x_wconf 88' lang='lat' dir='ltr'>est,</span> 
     </span>
     <span class='ocr_line' id='line_1_17' title="bbox 80 1160 854 1217; baseline -0.004 -11"><span class='ocrx_word' id='word_1_163' title='bbox 80 1160 142 1217; x_wconf 78' lang='lat' dir='ltr'>supra</span> <span class='ocrx_word' id='word_1_164' title='bbox 154 1165 198 1203; x_wconf 89' lang='lat' dir='ltr'>loci.</span> <span class='ocrx_word' id='word_1_165' title='bbox 216 1161 308 1202; x_wconf 86' lang='lat' dir='ltr'>utriusvis</span> <span class='ocrx_word' id='word_1_166' title='bbox 323 1174 348 1199; x_wconf 82' lang='lat' dir='ltr'>cx</span> <span class='ocrx_word' id='word_1_167' title='bbox 362 1162 424 1200; x_wconf 89' lang='lat' dir='ltr'>altero</span> <span class='ocrx_word' id='word_1_168' title='bbox 438 1160 568 1211; x_wconf 84' lang='lat' dir='ltr'>supplendum</span> <span class='ocrx_word' id='word_1_169' title='bbox 579 1160 688 1199; x_wconf 85' lang='lat' dir='ltr'>antitheton</span> <span class='ocrx_word' id='word_1_170' title='bbox 697 1161 719 1200; x_wconf 93' lang='lat' dir='ltr'>in</span> <span class='ocrx_word' id='word_1_171' title='bbox 729 1164 815 1201; x_wconf 89' lang='lat' dir='ltr'>oratione</span> <span class='ocrx_word' id='word_1_172' title='bbox 825 1178 854 1203; x_wconf 88' lang='lat' dir='ltr'>se-</span> 
     </span>
     <span class='ocr_line' id='line_1_18' title="bbox 81 1214 855 1270; baseline -0.004 -10"><span class='ocrx_word' id='word_1_173' title='bbox 81 1218 191 1270; x_wconf 88' lang='lat' dir='ltr'>miduplici:</span> <span class='ocrx_word' id='word_1_174' title='bbox 206 1216 315 1256; x_wconf 82' lang='lat' dir='ltr'>Jerusalem</span> <span class='ocrx_word' id='word_1_175' title='bbox 321 1228 417 1266; x_wconf 81' lang='lat' dir='ltr'>praeseus</span> <span class='ocrx_word' id='word_1_176' title='bbox 426 1220 445 1253; x_wconf 88' lang='lat' dir='ltr'>et</span> <span class='ocrx_word' id='word_1_177' title='bbox 453 1214 561 1262; x_wconf 80' lang='lat' dir='ltr'>terrestris3</span> <span class='ocrx_word' id='word_1_178' title='bbox 577 1227 663 1265; x_wconf 80' lang='lat' dir='ltr'>superae</span> <span class='ocrx_word' id='word_1_179' title='bbox 674 1219 694 1253; x_wconf 89' lang='lat' dir='ltr'>et</span> <span class='ocrx_word' id='word_1_180' title='bbox 703 1220 789 1256; x_wconf 81' lang='lat' dir='ltr'>aeterna.</span> <span class='ocrx_word' id='word_1_181' title='bbox 818 1219 855 1257; x_wconf 80' lang='lat' dir='ltr'>Sa-</span> 
     </span>
     <span class='ocr_line' id='line_1_19' title="bbox 78 1268 856 1327; baseline -0.005 -14"><span class='ocrx_word' id='word_1_182' title='bbox 78 1287 144 1327; x_wconf 81' lang='lat' dir='ltr'>peraa</span> <span class='ocrx_word' id='word_1_183' title='bbox 157 1272 228 1311; x_wconf 87' lang='lat' dir='ltr'>dicitur</span> <span class='ocrx_word' id='word_1_184' title='bbox 240 1283 262 1309; x_wconf 89' lang='lat' dir='ltr'>eo</span> <span class='ocrx_word' id='word_1_185' title='bbox 276 1269 400 1316; x_wconf 89' lang='lat' dir='ltr'>commodius,</span> <span class='ocrx_word' id='word_1_186' title='bbox 415 1274 437 1307; x_wconf 90' lang='lat' dir='ltr'>ut</span> <span class='ocrx_word' id='word_1_187' title='bbox 447 1268 523 1307; x_wconf 88' lang='lat' dir='ltr'>alludat</span> <span class='ocrx_word' id='word_1_188' title='bbox 536 1268 562 1306; x_wconf 88' lang='lat' dir='ltr'>ad</span> <span class='ocrx_word' id='word_1_189' title='bbox 572 1269 693 1318; x_wconf 84' lang='lat' dir='ltr'>superiorem</span> <span class='ocrx_word' id='word_1_190' title='bbox 701 1269 856 1323; x_wconf 87' lang='lat' dir='ltr'>nobilioremque</span> 
     </span>
     <span class='ocr_line' id='line_1_20' title="bbox 81 1321 856 1377; baseline -0.004 -9"><span class='ocrx_word' id='word_1_191' title='bbox 81 1327 262 1377; x_wconf 81' lang='lat' dir='ltr'>Hierosolymorum</span> <span class='ocrx_word' id='word_1_192' title='bbox 275 1328 361 1374; x_wconf 87' lang='lat' dir='ltr'>partem,</span> <span class='ocrx_word' id='word_1_193' title='bbox 381 1321 577 1374; x_wconf 77' lang='lat' dir='ltr'>superprectr&#39;atarqae</span> <span class='ocrx_word' id='word_1_194' title='bbox 591 1329 672 1362; x_wconf 83' lang='lat' dir='ltr'>montera</span> <span class='ocrx_word' id='word_1_195' title='bbox 686 1323 742 1362; x_wconf 83' lang='lat' dir='ltr'>Sina:</span> <span class='ocrx_word' id='word_1_196' title='bbox 766 1330 785 1364; x_wconf 94' lang='lat' dir='ltr'>et</span> <span class='ocrx_word' id='word_1_197' title='bbox 798 1325 856 1365; x_wconf 89' lang='lat' dir='ltr'>Jeru-</span> 
     </span>
     <span class='ocr_line' id='line_1_21' title="bbox 82 1378 856 1432; baseline -0.004 -10"><span class='ocrx_word' id='word_1_198' title='bbox 82 1384 143 1422; x_wconf 82' lang='lat' dir='ltr'>salem</span> <span class='ocrx_word' id='word_1_199' title='bbox 151 1393 240 1432; x_wconf 85' lang='lat' dir='ltr'>supema,</span> <span class='ocrx_word' id='word_1_200' title='bbox 256 1382 352 1430; x_wconf 86' lang='lat' dir='ltr'>quatenus</span> <span class='ocrx_word' id='word_1_201' title='bbox 364 1378 406 1428; x_wconf 87' lang='lat' dir='ltr'>jam</span> <span class='ocrx_word' id='word_1_202' title='bbox 418 1382 447 1415; x_wconf 88' lang='lat' dir='ltr'>est</span> <span class='ocrx_word' id='word_1_203' title='bbox 460 1383 522 1415; x_wconf 85' lang='lat' dir='ltr'>ruater</span> <span class='ocrx_word' id='word_1_204' title='bbox 535 1381 607 1424; x_wconf 82' lang='lat' dir='ltr'>nostra,</span> <span class='ocrx_word' id='word_1_205' title='bbox 623 1390 662 1415; x_wconf 88' lang='lat' dir='ltr'>non</span> <span class='ocrx_word' id='word_1_206' title='bbox 671 1378 770 1418; x_wconf 85' lang='lat' dir='ltr'>commode</span> <span class='ocrx_word' id='word_1_207' title='bbox 783 1379 856 1419; x_wconf 87' lang='lat' dir='ltr'>dicere-</span> 
     </span>
     <span class='ocr_line' id='line_1_22' title="bbox 82 1430 857 1486; baseline -0.003 -10"><span class='ocrx_word' id='word_1_208' title='bbox 82 1442 114 1476; x_wconf 86' lang='lat' dir='ltr'>tur</span> <span class='ocrx_word' id='word_1_209' title='bbox 122 1438 208 1485; x_wconf 61' lang='lat' dir='ltr'>fataraj</span> <span class='ocrx_word' id='word_1_210' title='bbox 221 1445 284 1484; x_wconf 87' lang='lat' dir='ltr'>neque</span> <span class='ocrx_word' id='word_1_211' title='bbox 298 1432 361 1470; x_wconf 90' lang='lat' dir='ltr'>solum</span> <span class='ocrx_word' id='word_1_212' title='bbox 370 1435 444 1480; x_wconf 75' lang='lat' dir='ltr'>fictura</span> <span class='ocrx_word' id='word_1_213' title='bbox 459 1435 497 1479; x_wconf 89' lang='lat' dir='ltr'>est,</span> <span class='ocrx_word' id='word_1_214' title='bbox 512 1430 548 1469; x_wconf 84' lang='lat' dir='ltr'>sed</span> <span class='ocrx_word' id='word_1_215' title='bbox 563 1431 621 1469; x_wconf 85' lang='lat' dir='ltr'>etiem</span> <span class='ocrx_word' id='word_1_216' title='bbox 635 1431 733 1483; x_wconf 85' lang='lat' dir='ltr'>antiquior</span> <span class='ocrx_word' id='word_1_217' title='bbox 747 1440 782 1483; x_wconf 89' lang='lat' dir='ltr'>est,</span> <span class='ocrx_word' id='word_1_218' title='bbox 798 1448 857 1486; x_wconf 88' lang='lat' dir='ltr'>quarn</span> 
     </span>
     <span class='ocr_line' id='line_1_23' title="bbox 82 1484 856 1541; baseline -0.004 -13"><span class='ocrx_word' id='word_1_219' title='bbox 82 1488 158 1541; x_wconf 74' lang='grc' dir='ltr'>ἡνῦν,</span> <span class='ocrx_word' id='word_1_220' title='bbox 173 1501 277 1539; x_wconf 81' lang='lat' dir='ltr'>praeseus,</span> <span class='ocrx_word' id='word_1_221' title='bbox 294 1499 344 1537; x_wconf 89' lang='lat' dir='ltr'>quae</span> <span class='ocrx_word' id='word_1_222' title='bbox 358 1499 395 1525; x_wconf 86' lang='lat' dir='ltr'>nec</span> <span class='ocrx_word' id='word_1_223' title='bbox 408 1485 484 1537; x_wconf 88' lang='lat' dir='ltr'>pridem</span> <span class='ocrx_word' id='word_1_224' title='bbox 499 1484 544 1532; x_wconf 85' lang='lat' dir='ltr'>fuit,</span> <span class='ocrx_word' id='word_1_225' title='bbox 559 1498 596 1523; x_wconf 86' lang='lat' dir='ltr'>nec</span> <span class='ocrx_word' id='word_1_226' title='bbox 610 1486 656 1524; x_wconf 90' lang='lat' dir='ltr'>olim</span> <span class='ocrx_word' id='word_1_227' title='bbox 671 1487 712 1525; x_wconf 90' lang='lat' dir='ltr'>erit.</span> <span class='ocrx_word' id='word_1_228' title='bbox 727 1509 755 1516; x_wconf 91' lang='lat'>—-</span> <span class='ocrx_word' id='word_1_229' title='bbox 770 1485 856 1537; x_wconf 61' lang='lat' dir='ltr'>detrusa,</span> 
     </span>
     <span class='ocr_line' id='line_1_24' title="bbox 82 1539 857 1596; baseline -0.001 -13"><span class='ocrx_word' id='word_1_230' title='bbox 82 1543 149 1596; x_wconf 76' lang='lat' dir='ltr'>servit)</span> <span class='ocrx_word' id='word_1_231' title='bbox 162 1543 191 1582; x_wconf 88' lang='lat' dir='ltr'>Ut</span> <span class='ocrx_word' id='word_1_232' title='bbox 203 1542 272 1593; x_wconf 85' lang='lat' dir='ltr'>Hagar</span> <span class='ocrx_word' id='word_1_233' title='bbox 286 1540 346 1578; x_wconf 87' lang='lat' dir='ltr'>herae</span> <span class='ocrx_word' id='word_1_234' title='bbox 360 1553 417 1587; x_wconf 86' lang='lat' dir='ltr'>suae,</span> <span class='ocrx_word' id='word_1_235' title='bbox 437 1540 465 1578; x_wconf 88' lang='lat' dir='ltr'>sic</span> <span class='ocrx_word' id='word_1_236' title='bbox 478 1539 599 1586; x_wconf 81' lang='lat' dir='ltr'>Jerusalem,</span> <span class='ocrx_word' id='word_1_237' title='bbox 620 1553 737 1591; x_wconf 80' lang='lat' dir='ltr'>quaenunt</span> <span class='ocrx_word' id='word_1_238' title='bbox 752 1548 792 1591; x_wconf 84' lang='lat' dir='ltr'>est,</span> <span class='ocrx_word' id='word_1_239' title='bbox 810 1543 857 1595; x_wconf 85' lang='lat' dir='ltr'>legi,</span> 
     </span>
     <span class='ocr_line' id='line_1_25' title="bbox 84 1593 732 1647; baseline -0.005 -10"><span class='ocrx_word' id='word_1_240' title='bbox 84 1604 111 1647; x_wconf 88' lang='lat' dir='ltr'>ct,</span> <span class='ocrx_word' id='word_1_241' title='bbox 127 1596 253 1637; x_wconf 89' lang='lat' dir='ltr'>conveniente</span> <span class='ocrx_word' id='word_1_242' title='bbox 267 1599 319 1633; x_wconf 84' lang='lat' dir='ltr'>statu</span> <span class='ocrx_word' id='word_1_243' title='bbox 333 1594 431 1645; x_wconf 86' lang='lat' dir='ltr'>spirituali</span> <span class='ocrx_word' id='word_1_244' title='bbox 445 1598 464 1632; x_wconf 92' lang='grc' dir='ltr'>θῖ</span> <span class='ocrx_word' id='word_1_245' title='bbox 479 1594 541 1641; x_wconf 90' lang='lat' dir='ltr'>civili,</span> <span class='ocrx_word' id='word_1_246' title='bbox 557 1593 651 1633; x_wconf 87' lang='lat' dir='ltr'>Romanis</span> <span class='ocrx_word' id='word_1_247' title='bbox 665 1596 732 1634; x_wconf 88' lang='lat' dir='ltr'>servit.</span> 
     </span>
    </p>

    <p class='ocr_par' dir='ltr' id='par_1_5' title="bbox 83 1645 856 1865">
     <span class='ocr_line' id='line_1_26' title="bbox 136 1645 856 1702; baseline -0.003 -12"><span class='ocrx_word' id='word_1_248' title='bbox 136 1666 155 1690; x_wconf 94' lang='lat' dir='ltr'>v.</span> <span class='ocrx_word' id='word_1_249' title='bbox 164 1658 196 1695; x_wconf 79' lang='lat'>26.</span> <span class='ocrx_word' id='word_1_250' title='bbox 211 1646 224 1699; x_wconf 77' lang='grc' dir='ltr'><em>ἦ</em></span> <span class='ocrx_word' id='word_1_251' title='bbox 236 1650 257 1690; x_wconf 82' lang='grc' dir='ltr'>δὲ</span> <span class='ocrx_word' id='word_1_252' title='bbox 268 1645 320 1698; x_wconf 76' lang='lat' dir='ltr'>duur,</span> <span class='ocrx_word' id='word_1_253' title='bbox 335 1662 421 1700; x_wconf 84' lang='lat' dir='ltr'>superae</span> <span class='ocrx_word' id='word_1_254' title='bbox 431 1647 502 1701; x_wconf 84' lang='lat' dir='ltr'>autera)</span> <span class='ocrx_word' id='word_1_255' title='bbox 513 1648 575 1687; x_wconf 72' lang='lat' dir='ltr'>Hebr.</span> <span class='ocrx_word' id='word_1_256' title='bbox 584 1654 615 1696; x_wconf 70' lang='lat'>42,</span> <span class='ocrx_word' id='word_1_257' title='bbox 624 1655 655 1691; x_wconf 89' lang='lat'>22.</span> <span class='ocrx_word' id='word_1_258' title='bbox 667 1649 706 1702; x_wconf 86' lang='lat' dir='ltr'>Ap.</span> <span class='ocrx_word' id='word_1_259' title='bbox 716 1655 748 1693; x_wconf 76' lang='lat'>21.</span> <span class='ocrx_word' id='word_1_260' title='bbox 757 1671 785 1677; x_wconf 88' lang='lat'><em>-</em></span> <span class='ocrx_word' id='word_1_261' title='bbox 799 1648 856 1690; x_wconf 75' lang='grc' dir='ltr'><em>ἕλευ-</em></span> 
     </span>
     <span class='ocr_line' id='line_1_27' title="bbox 83 1700 856 1758; baseline -0.005 -12"><span class='ocrx_word' id='word_1_262' title='bbox 83 1705 145 1758; x_wconf 56' lang='lat' dir='ltr'>espa,</span> <span class='ocrx_word' id='word_1_263' title='bbox 161 1705 228 1756; x_wconf 77' lang='lat' dir='ltr'>libera]</span> <span class='ocrx_word' id='word_1_264' title='bbox 242 1709 264 1743; x_wconf 91' lang='lat' dir='ltr'>ut</span> <span class='ocrx_word' id='word_1_265' title='bbox 273 1703 328 1743; x_wconf 78' lang='lat' dir='ltr'>Sara.</span> <span class='ocrx_word' id='word_1_266' title='bbox 339 1725 367 1731; x_wconf 93' lang='lat'>—-</span> <span class='ocrx_word' id='word_1_267' title='bbox 381 1700 433 1754; x_wconf 73' lang='grc' dir='ltr'>ἥτις,</span> <span class='ocrx_word' id='word_1_268' title='bbox 449 1703 507 1756; x_wconf 81' lang='lat' dir='ltr'>qaae)</span> <span class='ocrx_word' id='word_1_269' title='bbox 522 1704 636 1742; x_wconf 80' lang='lat' dir='ltr'>Jerusalem.</span> <span class='ocrx_word' id='word_1_270' title='bbox 651 1724 678 1731; x_wconf 90' lang='lat'>·—</span> <span class='ocrx_word' id='word_1_271' title='bbox 692 1703 769 1758; x_wconf 73' lang='grc' dir='ltr'>μήτηρ,</span> <span class='ocrx_word' id='word_1_272' title='bbox 784 1702 856 1755; x_wconf 80' lang='lat' dir='ltr'>aratur)</span> 
     </span>
     <span class='ocr_line' id='line_1_28' title="bbox 83 1752 856 1809; baseline -0.001 -10"><span class='ocrx_word' id='word_1_273' title='bbox 83 1760 167 1800; x_wconf 85' lang='lat' dir='ltr'>Veteres</span> <span class='ocrx_word' id='word_1_274' title='bbox 182 1761 206 1800; x_wconf 89' lang='lat' dir='ltr'>de</span> <span class='ocrx_word' id='word_1_275' title='bbox 215 1759 279 1799; x_wconf 84' lang='lat' dir='ltr'>Roma</span> <span class='ocrx_word' id='word_1_276' title='bbox 292 1771 338 1797; x_wconf 85' lang='lat' dir='ltr'>sua:</span> <span class='ocrx_word' id='word_1_277' title='bbox 353 1760 418 1797; x_wconf 82' lang='lat' dir='ltr'>Roma</span> <span class='ocrx_word' id='word_1_278' title='bbox 432 1758 536 1797; x_wconf 79' lang='lat' dir='ltr'>corrueruar&#39;s</span> <span class='ocrx_word' id='word_1_279' title='bbox 549 1763 616 1797; x_wconf 83' lang='lat' dir='ltr'>austra</span> <span class='ocrx_word' id='word_1_280' title='bbox 626 1760 697 1809; x_wconf 81' lang='lat' dir='ltr'>patria</span> <span class='ocrx_word' id='word_1_281' title='bbox 711 1765 743 1798; x_wconf 81' lang='lat' dir='ltr'>esu</span> <span class='ocrx_word' id='word_1_282' title='bbox 757 1780 785 1787; x_wconf 88' lang='lat'><em>-</em></span> <span class='ocrx_word' id='word_1_283' title='bbox 799 1752 856 1798; x_wconf 77' lang='grc' dir='ltr'><em>ποίν-</em></span> 
     </span>
     <span class='ocr_line' id='line_1_29' title="bbox 83 1811 728 1865; baseline -0.008 -8"><span class='ocrx_word' id='word_1_284' title='bbox 83 1832 136 1865; x_wconf 80' lang='grc' dir='ltr'>των,</span> <span class='ocrx_word' id='word_1_285' title='bbox 152 1813 243 1865; x_wconf 78' lang='lat' dir='ltr'>ornatura)</span> <span class='ocrx_word' id='word_1_286' title='bbox 258 1816 353 1864; x_wconf 87' lang='lat' dir='ltr'>quotquot</span> <span class='ocrx_word' id='word_1_287' title='bbox 367 1824 439 1852; x_wconf 88' lang='lat' dir='ltr'>sumus.</span> <span class='ocrx_word' id='word_1_288' title='bbox 467 1811 513 1851; x_wconf 91' lang='lat' dir='ltr'>Huc</span> <span class='ocrx_word' id='word_1_289' title='bbox 526 1811 561 1850; x_wconf 86' lang='lat' dir='ltr'>ref.</span> <span class='ocrx_word' id='word_1_290' title='bbox 575 1813 638 1860; x_wconf 78' lang='lat' dir='ltr'>ruattt,</span> <span class='ocrx_word' id='word_1_291' title='bbox 653 1826 672 1852; x_wconf 86' lang='lat' dir='ltr'>v.</span> <span class='ocrx_word' id='word_1_292' title='bbox 687 1826 728 1865; x_wconf 88' lang='lat' dir='ltr'>seq.</span> 
     </span>
    </p>

    <p class='ocr_par' dir='ltr' id='par_1_6' title="bbox 83 1862 858 2249">
     <span class='ocr_line' id='line_1_30' title="bbox 137 1862 856 1921; baseline -0.006 -13"><span class='ocrx_word' id='word_1_293' title='bbox 137 1884 156 1908; x_wconf 87' lang='lat' dir='ltr'>v.</span> <span class='ocrx_word' id='word_1_294' title='bbox 165 1875 197 1912; x_wconf 85' lang='lat'>27.</span> <span class='ocrx_word' id='word_1_295' title='bbox 212 1868 336 1921; x_wconf 71' lang='grc' dir='ltr'>γέγραπται,</span> <span class='ocrx_word' id='word_1_296' title='bbox 350 1868 442 1918; x_wconf 82' lang='lat' dir='ltr'>scriptura</span> <span class='ocrx_word' id='word_1_297' title='bbox 454 1866 489 1918; x_wconf 79' lang='lat' dir='ltr'>est)</span> <span class='ocrx_word' id='word_1_298' title='bbox 503 1867 536 1905; x_wconf 88' lang='lat' dir='ltr'>Es.</span> <span class='ocrx_word' id='word_1_299' title='bbox 545 1869 576 1915; x_wconf 72' lang='lat'>54,</span> <span class='ocrx_word' id='word_1_300' title='bbox 586 1872 604 1908; x_wconf 78' lang='lat' dir='ltr'>t.</span> <span class='ocrx_word' id='word_1_301' title='bbox 618 1889 646 1895; x_wconf 95' lang='lat'>-—</span> <span class='ocrx_word' id='word_1_302' title='bbox 660 1862 803 1920; x_wconf 67' lang='lat' dir='ltr'>supparatura,</span> <span class='ocrx_word' id='word_1_303' title='bbox 818 1869 856 1905; x_wconf 84' lang='lat' dir='ltr'>lae-</span> 
     </span>
     <span class='ocr_line' id='line_1_31' title="bbox 83 1920 857 1977; baseline -0.009 -12"><span class='ocrx_word' id='word_1_304' title='bbox 83 1923 133 1977; x_wconf 76' lang='lat' dir='ltr'>tare)</span> <span class='ocrx_word' id='word_1_305' title='bbox 149 1938 192 1963; x_wconf 89' lang='lat' dir='ltr'>cum</span> <span class='ocrx_word' id='word_1_306' title='bbox 207 1924 287 1961; x_wconf 89' lang='lat' dir='ltr'>cantico.</span> <span class='ocrx_word' id='word_1_307' title='bbox 302 1943 330 1949; x_wconf 85' lang='lat'>—-</span> <span class='ocrx_word' id='word_1_308' title='bbox 344 1921 413 1973; x_wconf 77' lang='grc' dir='ltr'>ςεῖρα,</span> <span class='ocrx_word' id='word_1_309' title='bbox 427 1921 506 1973; x_wconf 79' lang='lat' dir='ltr'>stertas)</span> <span class='ocrx_word' id='word_1_310' title='bbox 521 1920 577 1969; x_wconf 83' lang='lat' dir='ltr'>Sion,</span> <span class='ocrx_word' id='word_1_311' title='bbox 596 1920 708 1960; x_wconf 88' lang='lat' dir='ltr'>Jerusalem</span> <span class='ocrx_word' id='word_1_312' title='bbox 722 1933 814 1972; x_wconf 85' lang='lat' dir='ltr'>superna.</span> <span class='ocrx_word' id='word_1_313' title='bbox 829 1942 857 1948; x_wconf 85' lang='lat'><em>-</em></span> 
     </span>
     <span class='ocr_line' id='line_1_32' title="bbox 83 1972 857 2030; baseline -0.004 -12"><span class='ocrx_word' id='word_1_314' title='bbox 83 1979 154 2030; x_wconf 75' lang='grc' dir='ltr'>ῥῆξον,</span> <span class='ocrx_word' id='word_1_315' title='bbox 168 1977 255 2028; x_wconf 81' lang='lat' dir='ltr'>erruupe)</span> <span class='ocrx_word' id='word_1_316' title='bbox 269 1975 295 2014; x_wconf 90' lang='lat' dir='ltr'>ad</span> <span class='ocrx_word' id='word_1_317' title='bbox 309 1977 415 2013; x_wconf 79' lang='lat' dir='ltr'>claruereaz.</span> <span class='ocrx_word' id='word_1_318' title='bbox 429 1997 457 2003; x_wconf 91' lang='lat'>—-</span> <span class='ocrx_word' id='word_1_319' title='bbox 471 1976 507 2015; x_wconf 82' lang='lat' dir='ltr'>ael</span> <span class='ocrx_word' id='word_1_320' title='bbox 521 1972 613 2028; x_wconf 76' lang='grc' dir='ltr'>βόησον,</span> <span class='ocrx_word' id='word_1_321' title='bbox 628 1982 647 2015; x_wconf 86' lang='lat' dir='ltr'>et</span> <span class='ocrx_word' id='word_1_322' title='bbox 660 1976 733 2029; x_wconf 71' lang='lat' dir='ltr'>clausa)</span> <span class='ocrx_word' id='word_1_323' title='bbox 747 1988 796 2028; x_wconf 88' lang='lat' dir='ltr'>prae</span> <span class='ocrx_word' id='word_1_324' title='bbox 810 1989 857 2027; x_wconf 85' lang='lat' dir='ltr'>gau-</span> 
     </span>
     <span class='ocr_line' id='line_1_33' title="bbox 84 2026 857 2085; baseline -0.003 -13"><span class='ocrx_word' id='word_1_325' title='bbox 84 2033 122 2072; x_wconf 90' lang='lat' dir='ltr'>dio.</span> <span class='ocrx_word' id='word_1_326' title='bbox 136 2055 164 2061; x_wconf 88' lang='lat'><em>-</em></span> <span class='ocrx_word' id='word_1_327' title='bbox 177 2031 214 2078; x_wconf 78' lang='grc' dir='ltr'>τῆς</span> <span class='ocrx_word' id='word_1_328' title='bbox 227 2026 298 2085; x_wconf 72' lang='grc' dir='ltr'>ἐρήμθ,</span> <span class='ocrx_word' id='word_1_329' title='bbox 314 2029 408 2081; x_wconf 82' lang='lat' dir='ltr'>desertae)</span> <span class='ocrx_word' id='word_1_330' title='bbox 422 2028 523 2069; x_wconf 76' lang='lat' dir='ltr'>Ecclesiae</span> <span class='ocrx_word' id='word_1_331' title='bbox 531 2029 556 2068; x_wconf 91' lang='lat' dir='ltr'>N.</span> <span class='ocrx_word' id='word_1_332' title='bbox 566 2029 589 2067; x_wconf 85' lang='grc' dir='ltr'>Τ.</span> <span class='ocrx_word' id='word_1_333' title='bbox 605 2042 630 2069; x_wconf 85' lang='lat' dir='ltr'>ex</span> <span class='ocrx_word' id='word_1_334' title='bbox 642 2031 735 2083; x_wconf 83' lang='lat' dir='ltr'>gentibus</span> <span class='ocrx_word' id='word_1_335' title='bbox 748 2029 857 2083; x_wconf 87' lang='lat' dir='ltr'>promissio-</span> 
     </span>
     <span class='ocr_line' id='line_1_34' title="bbox 83 2083 858 2137; baseline -0.004 -11"><span class='ocrx_word' id='word_1_336' title='bbox 83 2088 113 2126; x_wconf 87' lang='lat' dir='ltr'>nis</span> <span class='ocrx_word' id='word_1_337' title='bbox 125 2085 234 2137; x_wconf 82' lang='lat' dir='ltr'>eepera&#39;bas</span> <span class='ocrx_word' id='word_1_338' title='bbox 244 2083 348 2122; x_wconf 82' lang='lat' dir='ltr'>maximam</span> <span class='ocrx_word' id='word_1_339' title='bbox 357 2088 434 2135; x_wconf 87' lang='lat' dir='ltr'>partem</span> <span class='ocrx_word' id='word_1_340' title='bbox 443 2083 542 2132; x_wconf 86' lang='lat' dir='ltr'>collectae,</span> <span class='ocrx_word' id='word_1_341' title='bbox 557 2097 609 2135; x_wconf 87' lang='lat' dir='ltr'>quae</span> <span class='ocrx_word' id='word_1_342' title='bbox 619 2085 702 2125; x_wconf 88' lang='lat' dir='ltr'>antehac</span> <span class='ocrx_word' id='word_1_343' title='bbox 713 2085 735 2125; x_wconf 86' lang='lat' dir='ltr'>id</span> <span class='ocrx_word' id='word_1_344' title='bbox 745 2100 784 2125; x_wconf 87' lang='lat' dir='ltr'>non</span> <span class='ocrx_word' id='word_1_345' title='bbox 794 2085 858 2137; x_wconf 86' lang='lat' dir='ltr'>egisse</span> 
     </span>
     <span class='ocr_line' id='line_1_35' title="bbox 84 2137 857 2194; baseline -0.012 -14"><span class='ocrx_word' id='word_1_346' title='bbox 84 2141 127 2180; x_wconf 76' lang='lat' dir='ltr'>sisa</span> <span class='ocrx_word' id='word_1_347' title='bbox 139 2153 178 2178; x_wconf 92' lang='lat' dir='ltr'>non</span> <span class='ocrx_word' id='word_1_348' title='bbox 191 2139 273 2190; x_wconf 85' lang='lat' dir='ltr'>pariens,</span> <span class='ocrx_word' id='word_1_349' title='bbox 288 2151 325 2176; x_wconf 87' lang='lat' dir='ltr'>nec</span> <span class='ocrx_word' id='word_1_350' title='bbox 337 2138 446 2188; x_wconf 86' lang='lat' dir='ltr'>parturiens</span> <span class='ocrx_word' id='word_1_351' title='bbox 461 2139 579 2190; x_wconf 85' lang='lat' dir='ltr'>appellatur.</span> <span class='ocrx_word' id='word_1_352' title='bbox 593 2160 622 2168; x_wconf 92' lang='lat'><em>-</em></span> <span class='ocrx_word' id='word_1_353' title='bbox 635 2139 673 2190; x_wconf 71' lang='grc' dir='ltr'>τῆς</span> <span class='ocrx_word' id='word_1_354' title='bbox 687 2137 772 2194; x_wconf 49' lang='grc' dir='ltr'>ἐχέσης,</span> <span class='ocrx_word' id='word_1_355' title='bbox 787 2141 857 2180; x_wconf 65' lang='lat' dir='ltr'>haben.</span> 
     </span>
     <span class='ocr_line' id='line_1_36' title="bbox 85 2192 538 2249; baseline -0.011 -15"><span class='ocrx_word' id='word_1_356' title='bbox 85 2195 117 2249; x_wconf 77' lang='lat' dir='ltr'>tis)</span> <span class='ocrx_word' id='word_1_357' title='bbox 132 2193 226 2233; x_wconf 88' lang='lat' dir='ltr'>ecclesiae</span> <span class='ocrx_word' id='word_1_358' title='bbox 238 2192 339 2232; x_wconf 88' lang='lat' dir='ltr'>Judaicae.</span> <span class='ocrx_word' id='word_1_359' title='bbox 532 2207 538 2212; x_wconf 93' lang='lat'>··</span> 
     </span>
    </p>

    <p class='ocr_par' dir='ltr' id='par_1_7' title="bbox 81 2242 860 2738">
     <span class='ocr_line' id='line_1_37' title="bbox 138 2242 858 2302; baseline 0.001 -14"><span class='ocrx_word' id='word_1_360' title='bbox 138 2262 157 2287; x_wconf 83' lang='lat' dir='ltr'>v.</span> <span class='ocrx_word' id='word_1_361' title='bbox 170 2253 202 2291; x_wconf 83' lang='lat'>28.</span> <span class='ocrx_word' id='word_1_362' title='bbox 221 2242 277 2288; x_wconf 77' lang='lat' dir='ltr'>rard</span> <span class='ocrx_word' id='word_1_363' title='bbox 295 2242 373 2299; x_wconf 80' lang='grc' dir='ltr'>ἰσαθίκ)</span> <span class='ocrx_word' id='word_1_364' title='bbox 393 2249 421 2285; x_wconf 81' lang='lat' dir='ltr'>ud</span> <span class='ocrx_word' id='word_1_365' title='bbox 437 2248 579 2287; x_wconf 78' lang='lat' dir='ltr'>sr&#39;rnr&#39;tr&#39;tartiaear</span> <span class='ocrx_word' id='word_1_366' title='bbox 593 2249 664 2288; x_wconf 79' lang='lat' dir='ltr'>Isauri.</span> <span class='ocrx_word' id='word_1_367' title='bbox 682 2272 710 2278; x_wconf 85' lang='lat'><em>-</em></span> <span class='ocrx_word' id='word_1_368' title='bbox 728 2248 858 2302; x_wconf 74' lang='grc' dir='ltr'>ἐπαγγελίας,</span> 
     </span>
     <span class='ocr_line' id='line_1_38' title="bbox 81 2301 857 2355; baseline -0.001 -14"><span class='ocrx_word' id='word_1_369' title='bbox 81 2301 224 2355; x_wconf 77' lang='lat' dir='ltr'>promissionis)</span> <span class='ocrx_word' id='word_1_370' title='bbox 238 2316 257 2340; x_wconf 90' lang='lat' dir='ltr'>v.</span> <span class='ocrx_word' id='word_1_371' title='bbox 266 2307 298 2343; x_wconf 77' lang='lat'>23.</span> <span class='ocrx_word' id='word_1_372' title='bbox 312 2322 341 2329; x_wconf 54' lang='lat'>*-</span> <span class='ocrx_word' id='word_1_373' title='bbox 354 2301 424 2354; x_wconf 68' lang='grc' dir='ltr'>ἒσμὲν)</span> <span class='ocrx_word' id='word_1_374' title='bbox 439 2316 510 2351; x_wconf 84' lang='lat' dir='ltr'>seruas,</span> <span class='ocrx_word' id='word_1_375' title='bbox 527 2307 546 2341; x_wconf 88' lang='lat' dir='ltr'>et</span> <span class='ocrx_word' id='word_1_376' title='bbox 559 2316 601 2342; x_wconf 89' lang='lat' dir='ltr'>esse</span> <span class='ocrx_word' id='word_1_377' title='bbox 615 2303 712 2343; x_wconf 83' lang='lat' dir='ltr'>debemus·</span> <span class='ocrx_word' id='word_1_378' title='bbox 723 2303 857 2344; x_wconf 16' lang='lat' dir='ltr'>acsvolumus.</span> 
     </span>
     <span class='ocr_line' id='line_1_39' title="bbox 85 2358 400 2400; baseline 0.006 -3"><span class='ocrx_word' id='word_1_379' title='bbox 85 2358 113 2397; x_wconf 90' lang='lat' dir='ltr'>sic</span> <span class='ocrx_word' id='word_1_380' title='bbox 126 2363 185 2400; x_wconf 68' lang='lat' dir='ltr'>aar.</span> <span class='ocrx_word' id='word_1_381' title='bbox 399 2386 400 2389; x_wconf 59' lang='lat'><em>=</em></span> 
     </span>
     <span class='ocr_line' id='line_1_40' title="bbox 138 2410 857 2465; baseline 0 -15"><span class='ocrx_word' id='word_1_382' title='bbox 138 2418 198 2455; x_wconf 78' lang='lat' dir='ltr'>v.29.</span> <span class='ocrx_word' id='word_1_383' title='bbox 212 2410 290 2459; x_wconf 61' lang='lat' dir='ltr'>aarum,</span> <span class='ocrx_word' id='word_1_384' title='bbox 302 2410 463 2465; x_wconf 79' lang='lat' dir='ltr'>persequebatur)</span> <span class='ocrx_word' id='word_1_385' title='bbox 477 2410 593 2463; x_wconf 85' lang='lat' dir='ltr'>petulanter.</span> <span class='ocrx_word' id='word_1_386' title='bbox 609 2411 659 2451; x_wconf 79' lang='lat' dir='ltr'>Gen.</span> <span class='ocrx_word' id='word_1_387' title='bbox 668 2417 700 2460; x_wconf 78' lang='lat'>21,</span> <span class='ocrx_word' id='word_1_388' title='bbox 708 2418 727 2455; x_wconf 78' lang='grc'>9-</span> <span class='ocrx_word' id='word_1_389' title='bbox 755 2411 857 2463; x_wconf 86' lang='lat' dir='ltr'>Persequi,</span> 
     </span>
     <span class='ocr_line' id='line_1_41' title="bbox 86 2465 859 2519; baseline 0 -13"><span class='ocrx_word' id='word_1_390' title='bbox 86 2467 192 2514; x_wconf 86' lang='lat' dir='ltr'>carnalium</span> <span class='ocrx_word' id='word_1_391' title='bbox 206 2470 256 2518; x_wconf 55' lang='lat' dir='ltr'>est„</span> <span class='ocrx_word' id='word_1_392' title='bbox 266 2478 305 2504; x_wconf 92' lang='lat' dir='ltr'>non</span> <span class='ocrx_word' id='word_1_393' title='bbox 319 2465 455 2516; x_wconf 85' lang='lat' dir='ltr'>spiritualium.</span> <span class='ocrx_word' id='word_1_394' title='bbox 485 2465 537 2505; x_wconf 79' lang='lat' dir='ltr'>Oeae</span> <span class='ocrx_word' id='word_1_395' title='bbox 552 2467 615 2518; x_wconf 80' lang='lat' dir='ltr'>parui</span> <span class='ocrx_word' id='word_1_396' title='bbox 632 2467 719 2506; x_wconf 81' lang='lat' dir='ltr'>aestimes</span> <span class='ocrx_word' id='word_1_397' title='bbox 734 2479 859 2519; x_wconf 81' lang='lat' dir='ltr'>quaecuuque</span> 
     </span>
     <span class='ocr_line' id='line_1_42' title="bbox 85 2517 859 2575; baseline 0.001 -14"><span class='ocrx_word' id='word_1_398' title='bbox 85 2528 170 2575; x_wconf 75' lang='lat' dir='ltr'>apaatar</span> <span class='ocrx_word' id='word_1_399' title='bbox 184 2526 251 2561; x_wconf 80' lang='lat' dir='ltr'>contra</span> <span class='ocrx_word' id='word_1_400' title='bbox 258 2521 313 2572; x_wconf 81' lang='lat' dir='ltr'>filios</span> <span class='ocrx_word' id='word_1_401' title='bbox 326 2519 407 2559; x_wconf 87' lang='lat' dir='ltr'>liberae.</span> <span class='ocrx_word' id='word_1_402' title='bbox 422 2520 448 2559; x_wconf 89' lang='lat' dir='ltr'>V.</span> <span class='ocrx_word' id='word_1_403' title='bbox 457 2520 485 2575; x_wconf 61' lang='lat' dir='ltr'>g]</span> <span class='ocrx_word' id='word_1_404' title='bbox 499 2543 527 2549; x_wconf 79' lang='lat'>—</span> <span class='ocrx_word' id='word_1_405' title='bbox 542 2517 579 2568; x_wconf 70' lang='lat' dir='ltr'>cdv</span> <span class='ocrx_word' id='word_1_406' title='bbox 588 2517 650 2561; x_wconf 74' lang='lat' dir='ltr'>&#39;rard</span> <span class='ocrx_word' id='word_1_407' title='bbox 664 2520 755 2574; x_wconf 67' lang='lat' dir='ltr'>aestua)</span> <span class='ocrx_word' id='word_1_408' title='bbox 770 2534 797 2560; x_wconf 88' lang='lat' dir='ltr'>sc.</span> <span class='ocrx_word' id='word_1_409' title='bbox 812 2537 859 2573; x_wconf 74' lang='lat' dir='ltr'>yer-</span> 
     </span>
     <span class='ocr_line' id='line_1_43' title="bbox 85 2574 860 2628; baseline -0.001 -12"><span class='ocrx_word' id='word_1_410' title='bbox 85 2574 185 2626; x_wconf 72' lang='grc' dir='ltr'>νηθέντα,</span> <span class='ocrx_word' id='word_1_411' title='bbox 199 2589 242 2614; x_wconf 85' lang='lat' dir='ltr'>earu</span> <span class='ocrx_word' id='word_1_412' title='bbox 256 2576 290 2627; x_wconf 85' lang='lat' dir='ltr'>qai</span> <span class='ocrx_word' id='word_1_413' title='bbox 303 2577 407 2615; x_wconf 81' lang='lat' dir='ltr'>secuudum</span> <span class='ocrx_word' id='word_1_414' title='bbox 420 2576 514 2627; x_wconf 76' lang='lat' dir='ltr'>Spiritum</span> <span class='ocrx_word' id='word_1_415' title='bbox 526 2576 600 2627; x_wconf 77' lang='lat' dir='ltr'>penitas</span> <span class='ocrx_word' id='word_1_416' title='bbox 614 2582 647 2614; x_wconf 81' lang='lat' dir='ltr'>est.</span> <span class='ocrx_word' id='word_1_417' title='bbox 674 2574 749 2615; x_wconf 90' lang='lat' dir='ltr'>Paulus</span> <span class='ocrx_word' id='word_1_418' title='bbox 764 2576 860 2628; x_wconf 85' lang='lat' dir='ltr'>apodosin</span> 
     </span>
     <span class='ocr_line' id='line_1_44' title="bbox 86 2629 859 2679; baseline -0.001 -10"><span class='ocrx_word' id='word_1_419' title='bbox 86 2630 106 2669; x_wconf 92' lang='lat' dir='ltr'>in</span> <span class='ocrx_word' id='word_1_420' title='bbox 119 2635 183 2669; x_wconf 90' lang='lat' dir='ltr'>mente</span> <span class='ocrx_word' id='word_1_421' title='bbox 197 2630 278 2677; x_wconf 65' lang='lat' dir='ltr'>habens</span> <span class='ocrx_word' id='word_1_422' title='bbox 293 2643 401 2669; x_wconf 84' lang='lat' dir='ltr'>sermonem</span> <span class='ocrx_word' id='word_1_423' title='bbox 415 2629 536 2679; x_wconf 14' lang='lat' dir='ltr'>deplsma&#39;e&#39;le</span> <span class='ocrx_word' id='word_1_424' title='bbox 551 2635 570 2670; x_wconf 94' lang='grc' dir='ltr'>θῖ</span> <span class='ocrx_word' id='word_1_425' title='bbox 584 2630 609 2669; x_wconf 90' lang='lat' dir='ltr'>de</span> <span class='ocrx_word' id='word_1_426' title='bbox 620 2630 690 2670; x_wconf 86' lang='lat' dir='ltr'>Isaaco</span> <span class='ocrx_word' id='word_1_427' title='bbox 705 2631 732 2670; x_wconf 86' lang='lat' dir='ltr'>ita</span> <span class='ocrx_word' id='word_1_428' title='bbox 746 2630 822 2679; x_wconf 83' lang='lat' dir='ltr'>format,</span> <span class='ocrx_word' id='word_1_429' title='bbox 837 2634 859 2670; x_wconf 90' lang='lat' dir='ltr'>ut</span> 
     </span>
     <span class='ocr_line' id='line_1_45' title="bbox 87 2684 798 2738; baseline -0.001 -14"><span class='ocrx_word' id='word_1_430' title='bbox 87 2685 188 2725; x_wconf 88' lang='lat' dir='ltr'>conveniat</span> <span class='ocrx_word' id='word_1_431' title='bbox 202 2685 222 2724; x_wconf 89' lang='lat' dir='ltr'>in</span> <span class='ocrx_word' id='word_1_432' title='bbox 237 2685 324 2724; x_wconf 87' lang='lat' dir='ltr'>carnales</span> <span class='ocrx_word' id='word_1_433' title='bbox 340 2690 359 2724; x_wconf 89' lang='lat' dir='ltr'>et</span> <span class='ocrx_word' id='word_1_434' title='bbox 372 2685 393 2724; x_wconf 90' lang='lat' dir='ltr'>in</span> <span class='ocrx_word' id='word_1_435' title='bbox 406 2685 480 2724; x_wconf 87' lang='lat' dir='ltr'>fideles.</span> <span class='ocrx_word' id='word_1_436' title='bbox 509 2684 549 2725; x_wconf 88' lang='lat' dir='ltr'>Ubi</span> <span class='ocrx_word' id='word_1_437' title='bbox 562 2685 656 2738; x_wconf 81' lang='lat' dir='ltr'>Spiritus,</span> <span class='ocrx_word' id='word_1_438' title='bbox 670 2685 698 2723; x_wconf 86' lang='lat' dir='ltr'>ibi</span> <span class='ocrx_word' id='word_1_439' title='bbox 712 2684 798 2724; x_wconf 86' lang='lat' dir='ltr'>libertas.</span> 
     </span>
    </p>

    <p class='ocr_par' dir='ltr' id='par_1_8' title="bbox 87 2735 899 2904">
     <span class='ocr_line' id='line_1_46' title="bbox 140 2735 859 2794; baseline 0 -16"><span class='ocrx_word' id='word_1_440' title='bbox 140 2753 159 2778; x_wconf 92' lang='lat' dir='ltr'>v.</span> <span class='ocrx_word' id='word_1_441' title='bbox 168 2746 201 2783; x_wconf 79' lang='lat'>50·</span> <span class='ocrx_word' id='word_1_442' title='bbox 216 2735 317 2794; x_wconf 56' lang='grc' dir='ltr'>ἦῖθαφῆ,</span> <span class='ocrx_word' id='word_1_443' title='bbox 327 2740 433 2792; x_wconf 68' lang='grc' dir='ltr'>θθνίρῖῖινα)</span> <span class='ocrx_word' id='word_1_444' title='bbox 445 2740 500 2789; x_wconf 78' lang='lat' dir='ltr'>Sara,</span> <span class='ocrx_word' id='word_1_445' title='bbox 515 2740 540 2779; x_wconf 89' lang='lat' dir='ltr'>de</span> <span class='ocrx_word' id='word_1_446' title='bbox 548 2740 627 2790; x_wconf 76' lang='lat' dir='ltr'>Isaaco3</span> <span class='ocrx_word' id='word_1_447' title='bbox 642 2739 751 2791; x_wconf 61' lang='lat' dir='ltr'>Scriptura,</span> <span class='ocrx_word' id='word_1_448' title='bbox 766 2753 802 2792; x_wconf 87' lang='lat' dir='ltr'>per</span> <span class='ocrx_word' id='word_1_449' title='bbox 812 2739 859 2779; x_wconf 88' lang='lat' dir='ltr'>alle-</span> 
     </span>
     <span class='ocr_line' id='line_1_47' title="bbox 87 2790 860 2848; baseline 0.003 -15"><span class='ocrx_word' id='word_1_450' title='bbox 87 2793 166 2846; x_wconf 85' lang='lat' dir='ltr'>goriam.</span> <span class='ocrx_word' id='word_1_451' title='bbox 182 2816 209 2823; x_wconf 87' lang='lat'>—-</span> <span class='ocrx_word' id='word_1_452' title='bbox 222 2792 305 2848; x_wconf 64' lang='lat' dir='ltr'>tapete,</span> <span class='ocrx_word' id='word_1_453' title='bbox 322 2795 376 2848; x_wconf 79' lang='lat' dir='ltr'>ejice)</span> <span class='ocrx_word' id='word_1_454' title='bbox 391 2807 401 2832; x_wconf 94' lang='lat' dir='ltr'>e</span> <span class='ocrx_word' id='word_1_455' title='bbox 416 2795 473 2834; x_wconf 89' lang='lat' dir='ltr'>domo</span> <span class='ocrx_word' id='word_1_456' title='bbox 489 2800 508 2834; x_wconf 88' lang='lat' dir='ltr'>et</span> <span class='ocrx_word' id='word_1_457' title='bbox 522 2795 636 2835; x_wconf 85' lang='lat' dir='ltr'>hereditate.</span> <span class='ocrx_word' id='word_1_458' title='bbox 651 2816 678 2822; x_wconf 82' lang='lat'>—</span> <span class='ocrx_word' id='word_1_459' title='bbox 691 2790 730 2843; x_wconf 72' lang='lat' dir='ltr'>aria</span> <span class='ocrx_word' id='word_1_460' title='bbox 744 2794 860 2843; x_wconf 75' lang='grc' dir='ltr'><strong><em>παιδίσκην</em></strong></span> 
     </span>
     <span class='ocr_line' id='line_1_48' title="bbox 87 2844 899 2904; baseline -0.002 -15"><span class='ocrx_word' id='word_1_461' title='bbox 87 2850 123 2889; x_wconf 75' lang='grc' dir='ltr'>καὶ</span> <span class='ocrx_word' id='word_1_462' title='bbox 135 2846 173 2890; x_wconf 75' lang='grc' dir='ltr'>τόν</span> <span class='ocrx_word' id='word_1_463' title='bbox 186 2844 232 2891; x_wconf 67' lang='lat' dir='ltr'>vcta</span> <span class='ocrx_word' id='word_1_464' title='bbox 248 2846 325 2900; x_wconf 79' lang='grc' dir='ltr'>αὐτῆς,</span> <span class='ocrx_word' id='word_1_465' title='bbox 343 2850 435 2890; x_wconf 79' lang='lat' dir='ltr'>ancillam</span> <span class='ocrx_word' id='word_1_466' title='bbox 449 2856 467 2890; x_wconf 88' lang='lat' dir='ltr'>et</span> <span class='ocrx_word' id='word_1_467' title='bbox 473 2851 539 2902; x_wconf 81' lang='lat' dir='ltr'>filiam</span> <span class='ocrx_word' id='word_1_468' title='bbox 554 2849 603 2904; x_wconf 82' lang='lat' dir='ltr'>ejas)</span> <span class='ocrx_word' id='word_1_469' title='bbox 620 2849 668 2902; x_wconf 88' lang='lat' dir='ltr'>Ipsa</span> <span class='ocrx_word' id='word_1_470' title='bbox 681 2848 758 2889; x_wconf 86' lang='lat' dir='ltr'>servilis</span> <span class='ocrx_word' id='word_1_471' title='bbox 773 2848 859 2900; x_wconf 80' lang='lat' dir='ltr'>conditio</span> <span class='ocrx_word' id='word_1_472' title='bbox 895 2859 899 2861; x_wconf 68' lang='grc'><strong><em>’</em></strong></span> 
     </span>
    </p>
   </div>
   <div class='ocr_carea' id='block_1_5' title="bbox 148 2987 861 3180">
    <p class='ocr_par' dir='ltr' id='par_1_9' title="bbox 148 2987 861 3180">
     <span class='ocr_line' id='line_1_49' title="bbox 148 2987 861 3035; baseline 0 -12"><span class='ocrx_word' id='word_1_473' title='bbox 148 2988 208 3031; x_wconf 79' lang='lat' dir='ltr'>habet,</span> <span class='ocrx_word' id='word_1_474' title='bbox 225 2989 245 3022; x_wconf 83' lang='lat' dir='ltr'>r&#39;u</span> <span class='ocrx_word' id='word_1_475' title='bbox 257 2987 289 3022; x_wconf 80' lang='lat' dir='ltr'>der</span> <span class='ocrx_word' id='word_1_476' title='bbox 299 2989 403 3033; x_wconf 84' lang='lat' dir='ltr'>Einleitung</span> <span class='ocrx_word' id='word_1_477' title='bbox 414 2993 447 3023; x_wconf 87' lang='lat' dir='ltr'>etc.</span> <span class='ocrx_word' id='word_1_478' title='bbox 460 2989 481 3022; x_wconf 77' lang='grc' dir='ltr'>Τ.</span> <span class='ocrx_word' id='word_1_479' title='bbox 493 2989 507 3023; x_wconf 94' lang='grc' dir='ltr'>Ι.</span> <span class='ocrx_word' id='word_1_480' title='bbox 517 3001 537 3034; x_wconf 80' lang='lat' dir='ltr'>p.</span> <span class='ocrx_word' id='word_1_481' title='bbox 549 3001 571 3024; x_wconf 86' lang='lat' dir='ltr'>ru.</span> <span class='ocrx_word' id='word_1_482' title='bbox 585 2994 626 3027; x_wconf 81' lang='grc'>646.</span> <span class='ocrx_word' id='word_1_483' title='bbox 638 3000 669 3034; x_wconf 71' lang='lat' dir='ltr'>eq,</span> <span class='ocrx_word' id='word_1_484' title='bbox 681 2988 711 3022; x_wconf 78' lang='lat' dir='ltr'>aar</span> <span class='ocrx_word' id='word_1_485' title='bbox 723 2987 781 3032; x_wconf 86' lang='lat' dir='ltr'>docet,</span> <span class='ocrx_word' id='word_1_486' title='bbox 798 2988 861 3035; x_wconf 81' lang='lat' dir='ltr'>Hagar</span> 
     </span>
     <span class='ocr_line' id='line_1_50' title="bbox 148 3034 861 3082; baseline 0.001 -11"><span class='ocrx_word' id='word_1_487' title='bbox 148 3037 219 3071; x_wconf 78' lang='lat' dir='ltr'>arabico</span> <span class='ocrx_word' id='word_1_488' title='bbox 231 3036 313 3071; x_wconf 82' lang='lat' dir='ltr'>idiomate</span> <span class='ocrx_word' id='word_1_489' title='bbox 321 3041 389 3082; x_wconf 87' lang='lat' dir='ltr'>petram</span> <span class='ocrx_word' id='word_1_490' title='bbox 397 3038 486 3080; x_wconf 83' lang='lat' dir='ltr'>denotare,</span> <span class='ocrx_word' id='word_1_491' title='bbox 499 3038 575 3082; x_wconf 81' lang='lat' dir='ltr'>adeoque</span> <span class='ocrx_word' id='word_1_492' title='bbox 587 3037 640 3071; x_wconf 80' lang='lat' dir='ltr'>uerba</span> <span class='ocrx_word' id='word_1_493' title='bbox 652 3034 673 3070; x_wconf 69' lang='lat' dir='ltr'>ro*</span> <span class='ocrx_word' id='word_1_494' title='bbox 682 3035 744 3081; x_wconf 70' lang='grc' dir='ltr'><em>’Ἅγαρ</em></span> <span class='ocrx_word' id='word_1_495' title='bbox 756 3035 806 3073; x_wconf 79' lang='grc' dir='ltr'>Σινᾶ</span> <span class='ocrx_word' id='word_1_496' title='bbox 818 3036 861 3082; x_wconf 74' lang='grc' dir='ltr'>ὅρος</span> 
     </span>
     <span class='ocr_line' id='line_1_51' title="bbox 148 3083 861 3133; baseline 0.001 -13"><span class='ocrx_word' id='word_1_497' title='bbox 148 3085 185 3122; x_wconf 66' lang='lat' dir='ltr'>ista</span> <span class='ocrx_word' id='word_1_498' title='bbox 199 3085 217 3119; x_wconf 75' lang='grc' dir='ltr'>ἐν</span> <span class='ocrx_word' id='word_1_499' title='bbox 229 3084 253 3132; x_wconf 81' lang='grc' dir='ltr'>τῇ</span> <span class='ocrx_word' id='word_1_500' title='bbox 264 3083 350 3130; x_wconf 68' lang='grc' dir='ltr'>Ἀραβίᾳ,</span> <span class='ocrx_word' id='word_1_501' title='bbox 362 3086 389 3120; x_wconf 78' lang='lat' dir='ltr'>tra</span> <span class='ocrx_word' id='word_1_502' title='bbox 401 3086 462 3121; x_wconf 80' lang='lat' dir='ltr'>debere</span> <span class='ocrx_word' id='word_1_503' title='bbox 474 3087 577 3133; x_wconf 71' lang='lat' dir='ltr'>transferri:</span> <span class='ocrx_word' id='word_1_504' title='bbox 593 3086 630 3120; x_wconf 87' lang='lat' dir='ltr'>Das</span> <span class='ocrx_word' id='word_1_505' title='bbox 642 3086 692 3121; x_wconf 82' lang='lat' dir='ltr'>Wort</span> <span class='ocrx_word' id='word_1_506' title='bbox 704 3086 767 3131; x_wconf 85' lang='lat' dir='ltr'>Hagur</span> <span class='ocrx_word' id='word_1_507' title='bbox 778 3086 861 3122; x_wconf 82' lang='lat' dir='ltr'>bedentet</span> 
     </span>
     <span class='ocr_line' id='line_1_52' title="bbox 148 3133 508 3180; baseline 0 -12"><span class='ocrx_word' id='word_1_508' title='bbox 148 3134 168 3168; x_wconf 85' lang='lat' dir='ltr'>in</span> <span class='ocrx_word' id='word_1_509' title='bbox 180 3133 258 3170; x_wconf 82' lang='lat' dir='ltr'>Arabien</span> <span class='ocrx_word' id='word_1_510' title='bbox 271 3133 305 3168; x_wconf 89' lang='lat' dir='ltr'>den</span> <span class='ocrx_word' id='word_1_511' title='bbox 316 3134 364 3180; x_wconf 82' lang='lat' dir='ltr'>Berg</span> <span class='ocrx_word' id='word_1_512' title='bbox 376 3135 431 3170; x_wconf 76' lang='lat' dir='ltr'>Sinai.</span> <span class='ocrx_word' id='word_1_513' title='bbox 443 3133 445 3136; x_wconf 76' lang='grc'>’</span> <span class='ocrx_word' id='word_1_514' title='bbox 456 3135 476 3169; x_wconf 86' lang='grc' dir='ltr'>Ε.</span> <span class='ocrx_word' id='word_1_515' title='bbox 488 3136 508 3169; x_wconf 92' lang='lat' dir='ltr'>B.</span> 
     </span>
    </p>
   </div>
   <div class='ocr_carea' id='block_1_6' title="bbox 0 0 980 3513">
    <p class='ocr_par' dir='ltr' id='par_1_10' title="bbox 0 0 980 3513">
     <span class='ocr_line' id='line_1_53' title="bbox 0 0 980 3513; baseline 0 0"><span class='ocrx_word' id='word_1_516' title='bbox 0 0 980 3513; x_wconf 95' lang='lat' dir='ltr'> </span> 
     </span>
    </p>
   </div>
  </div>
 </body>
</html>
