<?xml version="1.0" encoding="UTF-8"?>
<!DOCTYPE html PUBLIC "-//W3C//DTD XHTML 1.0 Transitional//EN"
    "http://www.w3.org/TR/xhtml1/DTD/xhtml1-transitional.dtd">
<html xmlns="http://www.w3.org/1999/xhtml" xml:lang="en" lang="en">
 <head>
  <title>
</title>
<meta http-equiv="Content-Type" content="text/html;charset=utf-8" />
  <meta name='ocr-system' content='tesseract 3.04.00' />
  <meta name='ocr-capabilities' content='ocr_page ocr_carea ocr_par ocr_line ocrx_word'/>
</head>
<body>
  <div class='ocr_page' id='page_1' title='image "MN41931ucmf_0_0100.png"; bbox 0 0 1922 3513; ppageno 0'>
   <div class='ocr_carea' id='block_1_1' title="bbox 61 228 583 273">
    <p class='ocr_par' dir='ltr' id='par_1_1' title="bbox 61 228 583 273">
     <span class='ocr_line' id='line_1_1' title="bbox 61 228 583 273; baseline -0.013 -2"><span class='ocrx_word' id='word_1_1' title='bbox 61 229 63 233; x_wconf 84' lang='grc'><strong>“</strong></span> <span class='ocrx_word' id='word_1_2' title='bbox 99 237 122 272; x_wconf 78' lang='grc' dir='ltr'>νν</span> <span class='ocrx_word' id='word_1_3' title='bbox 390 228 583 273; x_wconf 76' lang='lat' dir='ltr'>R011.X,14-1e.</span> 
     </span>
    </p>
   </div>
   <div class='ocr_carea' id='block_1_2' title="bbox 99 314 937 381">
    <p class='ocr_par' dir='ltr' id='par_1_2' title="bbox 99 314 947 381">
     <span class='ocr_line' id='line_1_2' title="bbox 99 314 937 381; baseline -0.014 -13"><span class='ocrx_word' id='word_1_4' title='bbox 99 329 180 368; x_wconf 88' lang='lat' dir='ltr'>adrem</span> <span class='ocrx_word' id='word_1_5' title='bbox 197 326 323 381; x_wconf 75' lang='lat' dir='ltr'>pertinerent.</span> <span class='ocrx_word' id='word_1_6' title='bbox 350 326 448 367; x_wconf 75' lang='lat' dir='ltr'>Voluntas</span> <span class='ocrx_word' id='word_1_7' title='bbox 463 325 504 378; x_wconf 88' lang='lat' dir='ltr'>ejus</span> <span class='ocrx_word' id='word_1_8' title='bbox 523 323 639 364; x_wconf 74' lang='lat' dir='ltr'>antecedens</span> <span class='ocrx_word' id='word_1_9' title='bbox 654 324 683 361; x_wconf 87' lang='lat' dir='ltr'>est</span> <span class='ocrx_word' id='word_1_10' title='bbox 701 316 827 367; x_wconf 83' lang='lat' dir='ltr'>universalis,</span> <span class='ocrx_word' id='word_1_11' title='bbox 837 328 839 332; x_wconf 59' lang='lat'><em>⁴</em></span> <span class='ocrx_word' id='word_1_12' title='bbox 848 321 867 358; x_wconf 88' lang='lat' dir='ltr'>ct</span> <span class='ocrx_word' id='word_1_13' title='bbox 929 314 937 338; x_wconf 61' lang='lat'>³³</span> 
     </span>
    </p>
   </div>
   <div class='ocr_carea' id='block_1_3' title="bbox 99 383 174 423">
    <p class='ocr_par' dir='ltr' id='par_1_3' title="bbox 99 383 174 423">
     <span class='ocr_line' id='line_1_3' title="bbox 99 383 174 423; baseline -0.013 -1"><span class='ocrx_word' id='word_1_14' title='bbox 99 383 174 423; x_wconf 81' lang='lat' dir='ltr'>efficax.</span> 
     </span>
    </p>
   </div>
   <div class='ocr_carea' id='block_1_4' title="bbox 153 428 932 489">
    <p class='ocr_par' dir='ltr' id='par_1_4' title="bbox 153 428 949 489">
     <span class='ocr_line' id='line_1_4' title="bbox 153 428 932 489; baseline -0.006 -12"><span class='ocrx_word' id='word_1_15' title='bbox 153 451 173 478; x_wconf 91' lang='lat' dir='ltr'>v.</span> <span class='ocrx_word' id='word_1_16' title='bbox 189 441 221 482; x_wconf 72' lang='grc'>11.</span> <span class='ocrx_word' id='word_1_17' title='bbox 237 434 251 478; x_wconf 75' lang='lat' dir='ltr'>d</span> <span class='ocrx_word' id='word_1_18' title='bbox 263 433 289 478; x_wconf 71' lang='grc' dir='ltr'>ἐκ</span> <span class='ocrx_word' id='word_1_19' title='bbox 304 434 396 489; x_wconf 63' lang='lat' dir='ltr'>linaceo)</span> <span class='ocrx_word' id='word_1_20' title='bbox 406 450 466 488; x_wconf 75' lang='grc' dir='ltr'><em>ησσον,</em></span> <span class='ocrx_word' id='word_1_21' title='bbox 475 434 516 475; x_wconf 84' lang='lat' dir='ltr'>scil.</span> <span class='ocrx_word' id='word_1_22' title='bbox 527 434 644 485; x_wconf 87' lang='lat' dir='ltr'>loquentem,</span> <span class='ocrx_word' id='word_1_23' title='bbox 654 431 674 469; x_wconf 90' lang='lat' dir='ltr'>in</span> <span class='ocrx_word' id='word_1_24' title='bbox 684 428 792 481; x_wconf 84' lang='lat' dir='ltr'>evangelio,</span> <span class='ocrx_word' id='word_1_25' title='bbox 801 441 820 467; x_wconf 91' lang='lat' dir='ltr'>v.</span> <span class='ocrx_word' id='word_1_26' title='bbox 829 430 867 477; x_wconf 65' lang='lat' dir='ltr'>lb,</span> <span class='ocrx_word' id='word_1_27' title='bbox 929 482 949 486; x_wconf 19' lang='lat'>2</span> 
     </span>
    </p>
   </div>
   <div class='ocr_carea' id='block_1_5' title="bbox 99 492 501 543">
    <p class='ocr_par' dir='ltr' id='par_1_5' title="bbox 99 492 501 543">
     <span class='ocr_line' id='line_1_5' title="bbox 99 492 501 543; baseline -0.007 -10"><span class='ocrx_word' id='word_1_28' title='bbox 99 493 142 543; x_wconf 88' lang='lat' dir='ltr'>vel,</span> <span class='ocrx_word' id='word_1_29' title='bbox 156 506 178 533; x_wconf 89' lang='lat' dir='ltr'>se</span> <span class='ocrx_word' id='word_1_30' title='bbox 192 492 314 539; x_wconf 81' lang='lat' dir='ltr'>offer-entem,</span> <span class='ocrx_word' id='word_1_31' title='bbox 328 505 367 530; x_wconf 86' lang='grc' dir='ltr'><em>ννονν</em></span> <span class='ocrx_word' id='word_1_32' title='bbox 380 493 501 531; x_wconf 65' lang='lat' dir='ltr'>eradicarent.</span> 
     </span>
    </p>
   </div>
   <div class='ocr_carea' id='block_1_6' title="bbox 154 540 950 600">
    <p class='ocr_par' dir='ltr' id='par_1_6' title="bbox 154 534 950 600">
     <span class='ocr_line' id='line_1_6' title="bbox 154 540 950 600; baseline -0.014 -12"><span class='ocrx_word' id='word_1_33' title='bbox 154 562 174 587; x_wconf 91' lang='lat' dir='ltr'>v.</span> <span class='ocrx_word' id='word_1_34' title='bbox 188 552 220 591; x_wconf 79' lang='lat'>15.</span> <span class='ocrx_word' id='word_1_35' title='bbox 236 545 281 592; x_wconf 76' lang='grc' dir='ltr'>πῶς</span> <span class='ocrx_word' id='word_1_36' title='bbox 295 546 316 587; x_wconf 79' lang='grc' dir='ltr'>δὲ</span> <span class='ocrx_word' id='word_1_37' title='bbox 330 543 453 600; x_wconf 76' lang='grc' dir='ltr'><em>κηρόξοσνν,</em></span> <span class='ocrx_word' id='word_1_38' title='bbox 471 545 563 597; x_wconf 76' lang='lat' dir='ltr'>quoraoclo</span> <span class='ocrx_word' id='word_1_39' title='bbox 579 555 624 582; x_wconf 80' lang='lat' dir='ltr'>acro</span> <span class='ocrx_word' id='word_1_40' title='bbox 634 540 787 592; x_wconf 68' lang='lat' dir='ltr'>praedicabant]</span> <span class='ocrx_word' id='word_1_41' title='bbox 807 552 834 578; x_wconf 84' lang='lat' dir='ltr'>sc.</span> <span class='ocrx_word' id='word_1_42' title='bbox 849 540 869 579; x_wconf 88' lang='grc' dir='ltr'>οἱ</span> <span class='ocrx_word' id='word_1_43' title='bbox 927 561 950 594; x_wconf 54' lang='lat'><strong>3</strong></span> 
     </span>
    </p>
   </div>
   <div class='ocr_carea' id='block_1_7' title="bbox 99 593 869 819">
    <p class='ocr_par' dir='ltr' id='par_1_7' title="bbox 99 593 869 819">
     <span class='ocr_line' id='line_1_7' title="bbox 99 593 868 658; baseline -0.016 -14"><span class='ocrx_word' id='word_1_44' title='bbox 99 598 248 658; x_wconf 74' lang='grc' dir='ltr'>κηρύσσοντες,</span> <span class='ocrx_word' id='word_1_45' title='bbox 258 601 401 652; x_wconf 72' lang='lat' dir='ltr'>praedicantes.</span> <span class='ocrx_word' id='word_1_46' title='bbox 415 601 452 639; x_wconf 90' lang='lat' dir='ltr'>hoc</span> <span class='ocrx_word' id='word_1_47' title='bbox 466 599 558 646; x_wconf 89' lang='lat' dir='ltr'>verbum,</span> <span class='ocrx_word' id='word_1_48' title='bbox 572 597 601 636; x_wconf 93' lang='lat' dir='ltr'>uti</span> <span class='ocrx_word' id='word_1_49' title='bbox 615 594 755 643; x_wconf 63' lang='lat' dir='ltr'>antecedentia,</span> <span class='ocrx_word' id='word_1_50' title='bbox 770 595 790 633; x_wconf 92' lang='lat' dir='ltr'>in</span> <span class='ocrx_word' id='word_1_51' title='bbox 803 593 868 633; x_wconf 83' lang='lat' dir='ltr'>futuro</span> 
     </span>
     <span class='ocr_line' id='line_1_8' title="bbox 100 645 868 709; baseline -0.013 -12"><span class='ocrx_word' id='word_1_52' title='bbox 100 658 187 709; x_wconf 89' lang='lat' dir='ltr'>positum</span> <span class='ocrx_word' id='word_1_53' title='bbox 207 661 245 704; x_wconf 84' lang='lat' dir='ltr'>est,</span> <span class='ocrx_word' id='word_1_54' title='bbox 264 655 371 694; x_wconf 79' lang='lat' dir='ltr'>imitatione</span> <span class='ocrx_word' id='word_1_55' title='bbox 385 654 458 702; x_wconf 71' lang='lat' dir='ltr'>Jotlis,</span> <span class='ocrx_word' id='word_1_56' title='bbox 476 653 529 706; x_wconf 88' lang='lat' dir='ltr'>apud</span> <span class='ocrx_word' id='word_1_57' title='bbox 548 665 605 704; x_wconf 84' lang='lat' dir='ltr'>quern</span> <span class='ocrx_word' id='word_1_58' title='bbox 623 654 687 689; x_wconf 80' lang='lat' dir='ltr'>exstat</span> <span class='ocrx_word' id='word_1_59' title='bbox 705 645 730 690; x_wconf 75' lang='lat' dir='ltr'>ed</span> <span class='ocrx_word' id='word_1_60' title='bbox 746 649 868 696; x_wconf 76' lang='lat' dir='ltr'>invocaverit,</span> 
     </span>
     <span class='ocr_line' id='line_1_9' title="bbox 99 698 868 763; baseline -0.008 -15"><span class='ocrx_word' id='word_1_61' title='bbox 99 725 119 750; x_wconf 91' lang='lat' dir='ltr'>v.</span> <span class='ocrx_word' id='word_1_62' title='bbox 136 716 179 759; x_wconf 54' lang='lat'>15„</span> <span class='ocrx_word' id='word_1_63' title='bbox 193 723 229 763; x_wconf 90' lang='lat' dir='ltr'>per</span> <span class='ocrx_word' id='word_1_64' title='bbox 243 714 369 761; x_wconf 88' lang='lat' dir='ltr'>prospectum</span> <span class='ocrx_word' id='word_1_65' title='bbox 382 709 437 747; x_wconf 87' lang='lat' dir='ltr'>illum</span> <span class='ocrx_word' id='word_1_66' title='bbox 452 721 477 747; x_wconf 85' lang='lat' dir='ltr'>ex</span> <span class='ocrx_word' id='word_1_67' title='bbox 490 708 516 747; x_wconf 87' lang='lat' dir='ltr'>V.</span> <span class='ocrx_word' id='word_1_68' title='bbox 526 708 549 746; x_wconf 88' lang='grc' dir='ltr'>Τ.</span> <span class='ocrx_word' id='word_1_69' title='bbox 564 707 584 745; x_wconf 91' lang='lat' dir='ltr'>in</span> <span class='ocrx_word' id='word_1_70' title='bbox 597 705 681 745; x_wconf 86' lang='lat' dir='ltr'>Novum.</span> <span class='ocrx_word' id='word_1_71' title='bbox 695 726 723 731; x_wconf 90' lang='lat'><em>-</em></span> <span class='ocrx_word' id='word_1_72' title='bbox 734 698 820 752; x_wconf 63' lang='lat' dir='ltr'>audoin,</span> <span class='ocrx_word' id='word_1_73' title='bbox 834 703 868 742; x_wconf 83' lang='lat' dir='ltr'>sic-</span> 
     </span>
     <span class='ocr_line' id='line_1_10' title="bbox 99 760 869 819; baseline -0.013 -14"><span class='ocrx_word' id='word_1_74' title='bbox 99 765 129 819; x_wconf 81' lang='lat' dir='ltr'>nt)</span> <span class='ocrx_word' id='word_1_75' title='bbox 143 767 156 804; x_wconf 86' lang='lat' dir='ltr'>i.</span> <span class='ocrx_word' id='word_1_76' title='bbox 172 778 188 803; x_wconf 90' lang='lat' dir='ltr'>e.</span> <span class='ocrx_word' id='word_1_77' title='bbox 202 777 242 803; x_wconf 91' lang='lat' dir='ltr'>non</span> <span class='ocrx_word' id='word_1_78' title='bbox 256 763 334 802; x_wconf 79' lang='lat' dir='ltr'>defuere</span> <span class='ocrx_word' id='word_1_79' title='bbox 348 763 419 802; x_wconf 84' lang='lat' dir='ltr'>nuncii.</span> <span class='ocrx_word' id='word_1_80' title='bbox 444 763 515 815; x_wconf 86' lang='lat' dir='ltr'>Esajas</span> <span class='ocrx_word' id='word_1_81' title='bbox 529 763 548 800; x_wconf 92' lang='lat' dir='ltr'>in</span> <span class='ocrx_word' id='word_1_82' title='bbox 566 762 635 814; x_wconf 88' lang='lat' dir='ltr'>spiritu</span> <span class='ocrx_word' id='word_1_83' title='bbox 647 760 721 798; x_wconf 80' lang='lat' dir='ltr'>alacres</span> <span class='ocrx_word' id='word_1_84' title='bbox 736 772 802 798; x_wconf 88' lang='lat' dir='ltr'>eorum</span> <span class='ocrx_word' id='word_1_85' title='bbox 816 770 869 809; x_wconf 86' lang='lat' dir='ltr'>gres-</span> 
     </span>
    </p>
   </div>
   <div class='ocr_carea' id='block_1_8' title="bbox 100 808 952 877">
    <p class='ocr_par' dir='ltr' id='par_1_8' title="bbox 100 808 952 877">
     <span class='ocr_line' id='line_1_11' title="bbox 100 808 952 877; baseline -0.012 -18"><span class='ocrx_word' id='word_1_86' title='bbox 100 833 134 859; x_wconf 88' lang='lat' dir='ltr'>sus</span> <span class='ocrx_word' id='word_1_87' title='bbox 148 819 203 858; x_wconf 88' lang='lat' dir='ltr'>vidit.</span> <span class='ocrx_word' id='word_1_88' title='bbox 218 840 245 845; x_wconf 92' lang='lat'><em>-</em></span> <span class='ocrx_word' id='word_1_89' title='bbox 259 812 287 863; x_wconf 76' lang='grc' dir='ltr'>ὦς</span> <span class='ocrx_word' id='word_1_90' title='bbox 299 813 422 869; x_wconf 72' lang='grc' dir='ltr'><em>-εἱρηνην</em></span> <span class='ocrx_word' id='word_1_91' title='bbox 437 819 479 856; x_wconf 75' lang='grc' dir='ltr'>τῶν</span> <span class='ocrx_word' id='word_1_92' title='bbox 493 814 678 877; x_wconf 69' lang='grc' dir='ltr'><em>εὐαγγελγζομένων</em></span> <span class='ocrx_word' id='word_1_93' title='bbox 692 810 720 853; x_wconf 76' lang='lat' dir='ltr'>zoi</span> <span class='ocrx_word' id='word_1_94' title='bbox 734 808 821 875; x_wconf 75' lang='grc' dir='ltr'><em>νέγγιθοῖ)</em></span> <span class='ocrx_word' id='word_1_95' title='bbox 834 813 868 851; x_wconf 86' lang='lat' dir='ltr'>Es.</span> <span class='ocrx_word' id='word_1_96' title='bbox 928 847 952 869; x_wconf 55' lang='lat' dir='ltr'>a</span> 
     </span>
    </p>
   </div>
   <div class='ocr_carea' id='block_1_9' title="bbox 99 863 871 1195">
    <p class='ocr_par' dir='ltr' id='par_1_9' title="bbox 99 863 870 1140">
     <span class='ocr_line' id='line_1_12' title="bbox 100 863 869 923; baseline -0.008 -11"><span class='ocrx_word' id='word_1_97' title='bbox 100 879 133 923; x_wconf 82' lang='lat'>52,</span> <span class='ocrx_word' id='word_1_98' title='bbox 148 879 167 917; x_wconf 82' lang='lat'>7.</span> <span class='ocrx_word' id='word_1_99' title='bbox 180 872 249 920; x_wconf 80' lang='lat' dir='ltr'>LXX,</span> <span class='ocrx_word' id='word_1_100' title='bbox 264 869 292 917; x_wconf 74' lang='lat' dir='ltr'>oie</span> <span class='ocrx_word' id='word_1_101' title='bbox 303 896 327 903; x_wconf 90' lang='lat'>-</span> <span class='ocrx_word' id='word_1_102' title='bbox 338 866 405 917; x_wconf 65' lang='grc' dir='ltr'><em>οἷκονῙν</em></span> <span class='ocrx_word' id='word_1_103' title='bbox 419 868 509 922; x_wconf 72' lang='grc' dir='ltr'><em>εἰρήνης,</em></span> <span class='ocrx_word' id='word_1_104' title='bbox 524 869 548 915; x_wconf 77' lang='grc' dir='ltr'>ὃς</span> <span class='ocrx_word' id='word_1_105' title='bbox 560 867 741 922; x_wconf 71' lang='grc' dir='ltr'><em>ιυαγγελιζόμενος</em></span> <span class='ocrx_word' id='word_1_106' title='bbox 754 863 869 921; x_wconf 71' lang='lat' dir='ltr'>aycadri.-</span> 
     </span>
     <span class='ocr_line' id='line_1_13' title="bbox 100 921 868 983; baseline -0.013 -14"><span class='ocrx_word' id='word_1_107' title='bbox 100 925 186 983; x_wconf 64' lang='grc' dir='ltr'>ὡραῖον)</span> <span class='ocrx_word' id='word_1_108' title='bbox 201 923 246 980; x_wconf 74' lang='lat' dir='ltr'>alpe</span> <span class='ocrx_word' id='word_1_109' title='bbox 261 925 339 977; x_wconf 85' lang='lat' dir='ltr'>proprie</span> <span class='ocrx_word' id='word_1_110' title='bbox 354 923 424 962; x_wconf 87' lang='lat' dir='ltr'>dicitur</span> <span class='ocrx_word' id='word_1_111' title='bbox 437 924 462 962; x_wconf 87' lang='lat' dir='ltr'>de</span> <span class='ocrx_word' id='word_1_112' title='bbox 476 923 606 975; x_wconf 78' lang='lat' dir='ltr'>pulcritudine</span> <span class='ocrx_word' id='word_1_113' title='bbox 618 927 637 960; x_wconf 89' lang='lat' dir='ltr'>et</span> <span class='ocrx_word' id='word_1_114' title='bbox 651 922 766 960; x_wconf 86' lang='lat' dir='ltr'>amoenitate</span> <span class='ocrx_word' id='word_1_115' title='bbox 780 921 868 973; x_wconf 83' lang='lat' dir='ltr'>physica.</span> 
     </span>
     <span class='ocr_line' id='line_1_14' title="bbox 99 976 870 1031; baseline -0.01 -8"><span class='ocrx_word' id='word_1_116' title='bbox 99 1004 127 1013; x_wconf 87' lang='lat'><em>-</em></span> <span class='ocrx_word' id='word_1_117' title='bbox 141 983 161 1022; x_wconf 85' lang='grc' dir='ltr'>οῖ</span> <span class='ocrx_word' id='word_1_118' title='bbox 174 977 248 1027; x_wconf 76' lang='grc' dir='ltr'><em>πόδες,</em></span> <span class='ocrx_word' id='word_1_119' title='bbox 258 978 326 1031; x_wconf 75' lang='lat' dir='ltr'>pedes)</span> <span class='ocrx_word' id='word_1_120' title='bbox 342 978 425 1016; x_wconf 80' lang='lat' dir='ltr'>einirrus:</span> <span class='ocrx_word' id='word_1_121' title='bbox 446 981 518 1029; x_wconf 89' lang='lat' dir='ltr'>quanto</span> <span class='ocrx_word' id='word_1_122' title='bbox 531 977 595 1028; x_wconf 85' lang='lat' dir='ltr'>inagis</span> <span class='ocrx_word' id='word_1_123' title='bbox 608 988 652 1024; x_wconf 87' lang='lat' dir='ltr'>ora,</span> <span class='ocrx_word' id='word_1_124' title='bbox 671 976 764 1014; x_wconf 89' lang='lat' dir='ltr'>cominus.</span> <span class='ocrx_word' id='word_1_125' title='bbox 782 997 811 1002; x_wconf 88' lang='lat'><strong>—</strong></span> <span class='ocrx_word' id='word_1_126' title='bbox 827 977 870 1015; x_wconf 81' lang='grc' dir='ltr'>τῶν</span> 
     </span>
     <span class='ocr_line' id='line_1_15' title="bbox 99 1029 869 1089; baseline -0.009 -14"><span class='ocrx_word' id='word_1_127' title='bbox 99 1032 297 1089; x_wconf 68' lang='grc' dir='ltr'>εὐαγγελιζομένων,</span> <span class='ocrx_word' id='word_1_128' title='bbox 313 1032 491 1085; x_wconf 75' lang='lat' dir='ltr'>cuoaapeliaonttara)</span> <span class='ocrx_word' id='word_1_129' title='bbox 507 1034 540 1084; x_wconf 90' lang='lat' dir='ltr'>qni</span> <span class='ocrx_word' id='word_1_130' title='bbox 554 1031 600 1070; x_wconf 83' lang='lat' dir='ltr'>durn</span> <span class='ocrx_word' id='word_1_131' title='bbox 613 1031 730 1082; x_wconf 86' lang='lat' dir='ltr'>loquuntur,</span> <span class='ocrx_word' id='word_1_132' title='bbox 744 1030 790 1083; x_wconf 90' lang='lat' dir='ltr'>Ipse</span> <span class='ocrx_word' id='word_1_133' title='bbox 804 1029 869 1068; x_wconf 85' lang='lat' dir='ltr'>Domi-</span> 
     </span>
     <span class='ocr_line' id='line_1_16' title="bbox 99 1087 498 1140; baseline -0.008 -11"><span class='ocrx_word' id='word_1_134' title='bbox 99 1102 136 1129; x_wconf 87' lang='lat' dir='ltr'>nus</span> <span class='ocrx_word' id='word_1_135' title='bbox 151 1088 242 1140; x_wconf 88' lang='lat' dir='ltr'>loquitur.</span> <span class='ocrx_word' id='word_1_136' title='bbox 257 1087 291 1126; x_wconf 87' lang='lat' dir='ltr'>Es.</span> <span class='ocrx_word' id='word_1_137' title='bbox 306 1092 339 1135; x_wconf 81' lang='lat'>52,</span> <span class='ocrx_word' id='word_1_138' title='bbox 354 1093 372 1130; x_wconf 88' lang='lat'>7.</span> <span class='ocrx_word' id='word_1_139' title='bbox 388 1087 433 1126; x_wconf 86' lang='lat' dir='ltr'>coll.</span> <span class='ocrx_word' id='word_1_140' title='bbox 447 1100 466 1125; x_wconf 87' lang='lat' dir='ltr'>v.</span> <span class='ocrx_word' id='word_1_141' title='bbox 478 1093 498 1130; x_wconf 73' lang='lat'>(5.</span> 
     </span>
    </p>

    <p class='ocr_par' dir='ltr' id='par_1_10' title="bbox 153 1134 871 1195">
     <span class='ocr_line' id='line_1_17' title="bbox 153 1134 871 1195; baseline -0.003 -15"><span class='ocrx_word' id='word_1_142' title='bbox 153 1156 172 1180; x_wconf 93' lang='lat' dir='ltr'>v.</span> <span class='ocrx_word' id='word_1_143' title='bbox 188 1148 220 1185; x_wconf 84' lang='lat'>16.</span> <span class='ocrx_word' id='word_1_144' title='bbox 235 1137 286 1190; x_wconf 67' lang='grc' dir='ltr'><em>ἀλλ’,</em></span> <span class='ocrx_word' id='word_1_145' title='bbox 300 1141 328 1195; x_wconf 81' lang='lat' dir='ltr'>at)</span> <span class='ocrx_word' id='word_1_146' title='bbox 344 1141 383 1180; x_wconf 91' lang='lat' dir='ltr'>Hic</span> <span class='ocrx_word' id='word_1_147' title='bbox 397 1142 474 1180; x_wconf 87' lang='lat' dir='ltr'>demum</span> <span class='ocrx_word' id='word_1_148' title='bbox 488 1141 546 1193; x_wconf 90' lang='lat' dir='ltr'>culpa</span> <span class='ocrx_word' id='word_1_149' title='bbox 559 1145 644 1180; x_wconf 87' lang='lat' dir='ltr'>notatur.</span> <span class='ocrx_word' id='word_1_150' title='bbox 660 1161 688 1167; x_wconf 89' lang='lat'><em>-</em></span> <span class='ocrx_word' id='word_1_151' title='bbox 702 1136 714 1179; x_wconf 75' lang='grc' dir='ltr'><em>ἑ</em></span> <span class='ocrx_word' id='word_1_152' title='bbox 728 1134 817 1189; x_wconf 65' lang='grc' dir='ltr'><em>πάντες,</em></span> <span class='ocrx_word' id='word_1_153' title='bbox 831 1153 871 1178; x_wconf 79' lang='lat' dir='ltr'>acon</span> 
     </span>
    </p>
   </div>
   <div class='ocr_carea' id='block_1_10' title="bbox 101 1193 930 1249">
    <p class='ocr_par' dir='ltr' id='par_1_11' title="bbox 101 1193 930 1249">
     <span class='ocr_line' id='line_1_18' title="bbox 101 1193 930 1249; baseline -0.007 -12"><span class='ocrx_word' id='word_1_154' title='bbox 101 1196 172 1249; x_wconf 73' lang='grc' dir='ltr'><em>οονοοσ)</em></span> <span class='ocrx_word' id='word_1_155' title='bbox 187 1196 312 1235; x_wconf 85' lang='lat' dir='ltr'>Antitlretcn:</span> <span class='ocrx_word' id='word_1_156' title='bbox 327 1198 393 1235; x_wconf 74' lang='grc' dir='ltr'><em>οννννννο.</em></span> <span class='ocrx_word' id='word_1_157' title='bbox 408 1210 427 1235; x_wconf 90' lang='lat' dir='ltr'>v.</span> <span class='ocrx_word' id='word_1_158' title='bbox 436 1202 467 1238; x_wconf 83' lang='lat'>11.</span> <span class='ocrx_word' id='word_1_159' title='bbox 477 1209 502 1235; x_wconf 89' lang='lat' dir='ltr'>ss.</span> <span class='ocrx_word' id='word_1_160' title='bbox 532 1195 595 1247; x_wconf 82' lang='lat' dir='ltr'>Culpa</span> <span class='ocrx_word' id='word_1_161' title='bbox 609 1199 638 1233; x_wconf 92' lang='lat' dir='ltr'>est</span> <span class='ocrx_word' id='word_1_162' title='bbox 651 1194 755 1242; x_wconf 90' lang='lat' dir='ltr'>hominum,</span> <span class='ocrx_word' id='word_1_163' title='bbox 769 1193 871 1246; x_wconf 84' lang='lat' dir='ltr'>speciatim</span> <span class='ocrx_word' id='word_1_164' title='bbox 928 1211 930 1219; x_wconf 67' lang='lat'>,</span> 
     </span>
    </p>
   </div>
   <div class='ocr_carea' id='block_1_11' title="bbox 99 1249 874 2937">
    <p class='ocr_par' dir='ltr' id='par_1_12' title="bbox 100 1249 871 1462">
     <span class='ocr_line' id='line_1_19' title="bbox 100 1249 871 1300; baseline -0.006 -9"><span class='ocrx_word' id='word_1_165' title='bbox 100 1252 230 1292; x_wconf 73' lang='lat' dir='ltr'>ludaeorum.</span> <span class='ocrx_word' id='word_1_166' title='bbox 253 1264 292 1289; x_wconf 75' lang='lat' dir='ltr'>acen</span> <span class='ocrx_word' id='word_1_167' title='bbox 306 1264 378 1298; x_wconf 82' lang='lat' dir='ltr'>ornnes,</span> <span class='ocrx_word' id='word_1_168' title='bbox 398 1252 410 1289; x_wconf 93' lang='lat' dir='ltr'>i.</span> <span class='ocrx_word' id='word_1_169' title='bbox 425 1263 441 1289; x_wconf 91' lang='lat' dir='ltr'>e.</span> <span class='ocrx_word' id='word_1_170' title='bbox 461 1250 502 1289; x_wconf 83' lang='lat' dir='ltr'>fere</span> <span class='ocrx_word' id='word_1_171' title='bbox 520 1263 582 1289; x_wconf 90' lang='lat' dir='ltr'>nemo.</span> <span class='ocrx_word' id='word_1_172' title='bbox 599 1249 667 1289; x_wconf 62' lang='lat' dir='ltr'>&gt;confer</span> <span class='ocrx_word' id='word_1_173' title='bbox 681 1249 756 1295; x_wconf 87' lang='lat' dir='ltr'>statim,</span> <span class='ocrx_word' id='word_1_174' title='bbox 774 1250 830 1300; x_wconf 80' lang='lat' dir='ltr'>quis?</span> <span class='ocrx_word' id='word_1_175' title='bbox 843 1270 871 1278; x_wconf 86' lang='lat'>—-</span> 
     </span>
     <span class='ocr_line' id='line_1_20' title="bbox 100 1300 871 1357; baseline -0.006 -11"><span class='ocrx_word' id='word_1_176' title='bbox 100 1301 224 1356; x_wconf 66' lang='lat' dir='ltr'>cluainerena)</span> <span class='ocrx_word' id='word_1_177' title='bbox 240 1304 293 1343; x_wconf 70' lang='lat' dir='ltr'>conf.</span> <span class='ocrx_word' id='word_1_178' title='bbox 309 1301 351 1346; x_wconf 80' lang='lat' dir='ltr'>u‘ad</span> <span class='ocrx_word' id='word_1_179' title='bbox 364 1306 384 1343; x_wconf 91' lang='lat' dir='ltr'>in</span> <span class='ocrx_word' id='word_1_180' title='bbox 398 1300 542 1357; x_wconf 68' lang='grc' dir='ltr'><em>ὑπετάγησαν,</em></span> <span class='ocrx_word' id='word_1_181' title='bbox 555 1318 575 1343; x_wconf 73' lang='lat' dir='ltr'>v.</span> <span class='ocrx_word' id='word_1_182' title='bbox 584 1310 602 1346; x_wconf 82' lang='lat'>5.</span> <span class='ocrx_word' id='word_1_183' title='bbox 622 1304 687 1342; x_wconf 85' lang='lat' dir='ltr'>Etiam</span> <span class='ocrx_word' id='word_1_184' title='bbox 701 1303 715 1341; x_wconf 93' lang='lat' dir='ltr'>ii</span> <span class='ocrx_word' id='word_1_185' title='bbox 729 1303 837 1342; x_wconf 87' lang='lat' dir='ltr'>debuerant</span> <span class='ocrx_word' id='word_1_186' title='bbox 852 1308 871 1342; x_wconf 90' lang='lat' dir='ltr'>et</span> 
     </span>
     <span class='ocr_line' id='line_1_21' title="bbox 101 1355 870 1412; baseline -0.003 -14"><span class='ocrx_word' id='word_1_187' title='bbox 101 1364 206 1412; x_wconf 87' lang='lat' dir='ltr'>potuerant</span> <span class='ocrx_word' id='word_1_188' title='bbox 224 1359 316 1408; x_wconf 86' lang='lat' dir='ltr'>obedire,</span> <span class='ocrx_word' id='word_1_189' title='bbox 336 1359 369 1411; x_wconf 91' lang='lat' dir='ltr'>qui</span> <span class='ocrx_word' id='word_1_190' title='bbox 383 1372 422 1397; x_wconf 91' lang='lat' dir='ltr'>non</span> <span class='ocrx_word' id='word_1_191' title='bbox 436 1363 480 1398; x_wconf 90' lang='lat' dir='ltr'>sunt</span> <span class='ocrx_word' id='word_1_192' title='bbox 494 1359 607 1397; x_wconf 86' lang='lat' dir='ltr'>obedientes</span> <span class='ocrx_word' id='word_1_193' title='bbox 626 1357 677 1397; x_wconf 86' lang='lat' dir='ltr'>facti.</span> <span class='ocrx_word' id='word_1_194' title='bbox 696 1379 724 1384; x_wconf 87' lang='lat'>-</span> <span class='ocrx_word' id='word_1_195' title='bbox 742 1355 806 1411; x_wconf 70' lang='grc' dir='ltr'><em>λέγει)</em></span> <span class='ocrx_word' id='word_1_196' title='bbox 820 1358 870 1405; x_wconf 78' lang='lat' dir='ltr'>dicit,</span> 
     </span>
     <span class='ocr_line' id='line_1_22' title="bbox 101 1412 715 1462; baseline -0.005 -9"><span class='ocrx_word' id='word_1_197' title='bbox 101 1428 148 1454; x_wconf 85' lang='lat' dir='ltr'>mox</span> <span class='ocrx_word' id='word_1_198' title='bbox 162 1414 198 1453; x_wconf 91' lang='lat' dir='ltr'>sub</span> <span class='ocrx_word' id='word_1_199' title='bbox 212 1414 273 1452; x_wconf 88' lang='lat' dir='ltr'>verba</span> <span class='ocrx_word' id='word_1_200' title='bbox 288 1428 306 1452; x_wconf 91' lang='lat' dir='ltr'>v.</span> <span class='ocrx_word' id='word_1_201' title='bbox 322 1418 354 1456; x_wconf 81' lang='lat'>15.</span> <span class='ocrx_word' id='word_1_202' title='bbox 369 1413 433 1452; x_wconf 81' lang='lat' dir='ltr'>citata.</span> <span class='ocrx_word' id='word_1_203' title='bbox 462 1412 509 1452; x_wconf 89' lang='lat' dir='ltr'>Vid.</span> <span class='ocrx_word' id='word_1_204' title='bbox 523 1413 567 1452; x_wconf 85' lang='lat' dir='ltr'>Joh.</span> <span class='ocrx_word' id='word_1_205' title='bbox 583 1419 614 1462; x_wconf 77' lang='lat'>12,</span> <span class='ocrx_word' id='word_1_206' title='bbox 629 1417 661 1455; x_wconf 80' lang='lat'>58.</span> <span class='ocrx_word' id='word_1_207' title='bbox 675 1417 715 1450; x_wconf 90' lang='lat' dir='ltr'>not.</span> 
     </span>
    </p>

    <p class='ocr_par' dir='ltr' id='par_1_13' title="bbox 101 1465 872 1681">
     <span class='ocr_line' id='line_1_23' title="bbox 157 1465 871 1521; baseline -0.004 -14"><span class='ocrx_word' id='word_1_208' title='bbox 157 1467 178 1519; x_wconf 49' lang='grc' dir='ltr'>ἐξ)</span> <span class='ocrx_word' id='word_1_209' title='bbox 193 1482 212 1507; x_wconf 86' lang='lat' dir='ltr'>v.</span> <span class='ocrx_word' id='word_1_210' title='bbox 228 1473 259 1511; x_wconf 81' lang='lat'>17.</span> <span class='ocrx_word' id='word_1_211' title='bbox 275 1466 328 1521; x_wconf 74' lang='grc' dir='ltr'>ἄρα)</span> <span class='ocrx_word' id='word_1_212' title='bbox 342 1469 406 1518; x_wconf 67' lang='lat' dir='ltr'>igitar.</span> <span class='ocrx_word' id='word_1_213' title='bbox 426 1468 458 1505; x_wconf 78' lang='lat' dir='ltr'>Ex</span> <span class='ocrx_word' id='word_1_214' title='bbox 472 1468 578 1518; x_wconf 82' lang='lat' dir='ltr'>prophetae</span> <span class='ocrx_word' id='word_1_215' title='bbox 593 1467 673 1518; x_wconf 91' lang='lat' dir='ltr'>querela</span> <span class='ocrx_word' id='word_1_216' title='bbox 687 1466 712 1504; x_wconf 89' lang='lat' dir='ltr'>de</span> <span class='ocrx_word' id='word_1_217' title='bbox 726 1465 835 1505; x_wconf 81' lang='lat' dir='ltr'>arrditorum</span> <span class='ocrx_word' id='word_1_218' title='bbox 843 1465 871 1504; x_wconf 89' lang='lat' dir='ltr'>in-</span> 
     </span>
     <span class='ocr_line' id='line_1_24' title="bbox 101 1520 872 1574; baseline -0.001 -13"><span class='ocrx_word' id='word_1_219' title='bbox 101 1522 197 1561; x_wconf 87' lang='lat' dir='ltr'>fidelitate</span> <span class='ocrx_word' id='word_1_220' title='bbox 211 1522 277 1570; x_wconf 80' lang='lat' dir='ltr'>infert,</span> <span class='ocrx_word' id='word_1_221' title='bbox 291 1535 330 1560; x_wconf 90' lang='lat' dir='ltr'>non</span> <span class='ocrx_word' id='word_1_222' title='bbox 341 1522 408 1561; x_wconf 81' lang='lat' dir='ltr'>deesse</span> <span class='ocrx_word' id='word_1_223' title='bbox 417 1520 499 1560; x_wconf 87' lang='lat' dir='ltr'>verbum</span> <span class='ocrx_word' id='word_1_224' title='bbox 507 1521 550 1570; x_wconf 85' lang='lat' dir='ltr'>Dei,</span> <span class='ocrx_word' id='word_1_225' title='bbox 566 1527 585 1560; x_wconf 91' lang='lat' dir='ltr'>et</span> <span class='ocrx_word' id='word_1_226' title='bbox 595 1521 764 1574; x_wconf 85' lang='lat' dir='ltr'>praedicationem,</span> <span class='ocrx_word' id='word_1_227' title='bbox 778 1526 872 1572; x_wconf 84' lang='lat' dir='ltr'>tanquam</span> 
     </span>
     <span class='ocr_line' id='line_1_25' title="bbox 101 1570 872 1629; baseline -0.003 -13"><span class='ocrx_word' id='word_1_228' title='bbox 101 1577 202 1629; x_wconf 86' lang='lat' dir='ltr'>propriam</span> <span class='ocrx_word' id='word_1_229' title='bbox 215 1576 261 1615; x_wconf 86' lang='lat' dir='ltr'>fidei</span> <span class='ocrx_word' id='word_1_230' title='bbox 276 1589 354 1615; x_wconf 89' lang='lat' dir='ltr'>causam</span> <span class='ocrx_word' id='word_1_231' title='bbox 374 1581 393 1615; x_wconf 93' lang='lat' dir='ltr'>et</span> <span class='ocrx_word' id='word_1_232' title='bbox 408 1589 480 1615; x_wconf 86' lang='lat' dir='ltr'>ansam.</span> <span class='ocrx_word' id='word_1_233' title='bbox 500 1601 526 1614; x_wconf 64' lang='lat'>—‚</span> <span class='ocrx_word' id='word_1_234' title='bbox 545 1576 566 1623; x_wconf 79' lang='grc' dir='ltr'>ἐξ</span> <span class='ocrx_word' id='word_1_235' title='bbox 579 1572 654 1629; x_wconf 65' lang='lat' dir='ltr'>claude)</span> <span class='ocrx_word' id='word_1_236' title='bbox 673 1570 735 1624; x_wconf 71' lang='lat' dir='ltr'>dauri,</span> <span class='ocrx_word' id='word_1_237' title='bbox 752 1576 834 1624; x_wconf 65' lang='lat' dir='ltr'>caedicio,</span> <span class='ocrx_word' id='word_1_238' title='bbox 853 1580 872 1614; x_wconf 89' lang='lat' dir='ltr'>et</span> 
     </span>
     <span class='ocr_line' id='line_1_26' title="bbox 102 1630 458 1681; baseline -0.003 -11"><span class='ocrx_word' id='word_1_239' title='bbox 102 1631 148 1671; x_wconf 89' lang='lat' dir='ltr'>hinc</span> <span class='ocrx_word' id='word_1_240' title='bbox 162 1630 233 1678; x_wconf 76' lang='lat' dir='ltr'>oratio,</span> <span class='ocrx_word' id='word_1_241' title='bbox 248 1644 319 1678; x_wconf 72' lang='lat' dir='ltr'>scanzo,</span> <span class='ocrx_word' id='word_1_242' title='bbox 330 1632 458 1681; x_wconf 80' lang='lat' dir='ltr'>praedicatio.</span> 
     </span>
    </p>

    <p class='ocr_par' dir='ltr' id='par_1_14' title="bbox 102 1680 873 2280">
     <span class='ocr_line' id='line_1_27' title="bbox 157 1680 872 1735; baseline 0 -12"><span class='ocrx_word' id='word_1_243' title='bbox 157 1699 176 1723; x_wconf 87' lang='lat' dir='ltr'>v.</span> <span class='ocrx_word' id='word_1_244' title='bbox 192 1689 225 1728; x_wconf 83' lang='lat'>18.</span> <span class='ocrx_word' id='word_1_245' title='bbox 238 1682 269 1734; x_wconf 76' lang='grc' dir='ltr'>μη</span> <span class='ocrx_word' id='word_1_246' title='bbox 288 1680 313 1724; x_wconf 71' lang='grc' dir='ltr'>ἐκ</span> <span class='ocrx_word' id='word_1_247' title='bbox 331 1683 426 1734; x_wconf 53' lang='lat' dir='ltr'>{insuam</span> <span class='ocrx_word' id='word_1_248' title='bbox 444 1698 490 1724; x_wconf 82' lang='grc' dir='ltr'><em>οοον</em></span> <span class='ocrx_word' id='word_1_249' title='bbox 508 1698 547 1724; x_wconf 83' lang='lat' dir='ltr'>aon</span> <span class='ocrx_word' id='word_1_250' title='bbox 565 1683 705 1735; x_wconf 79' lang='lat' dir='ltr'>eccdioerrazt?)</span> <span class='ocrx_word' id='word_1_251' title='bbox 724 1697 771 1724; x_wconf 85' lang='grc' dir='ltr'><em>νννιννν</em></span> <span class='ocrx_word' id='word_1_252' title='bbox 788 1684 872 1724; x_wconf 85' lang='lat' dir='ltr'>facultas</span> 
     </span>
     <span class='ocr_line' id='line_1_28' title="bbox 103 1737 872 1790; baseline -0.001 -11"><span class='ocrx_word' id='word_1_253' title='bbox 103 1739 196 1779; x_wconf 90' lang='lat' dir='ltr'>audiendi</span> <span class='ocrx_word' id='word_1_254' title='bbox 210 1738 276 1785; x_wconf 86' lang='lat' dir='ltr'>defuit,</span> <span class='ocrx_word' id='word_1_255' title='bbox 291 1738 369 1790; x_wconf 87' lang='lat' dir='ltr'>quando</span> <span class='ocrx_word' id='word_1_256' title='bbox 383 1739 472 1778; x_wconf 90' lang='lat' dir='ltr'>nonnisi</span> <span class='ocrx_word' id='word_1_257' title='bbox 487 1752 511 1777; x_wconf 82' lang='lat' dir='ltr'>ex</span> <span class='ocrx_word' id='word_1_258' title='bbox 526 1738 593 1778; x_wconf 90' lang='lat' dir='ltr'>auditu</span> <span class='ocrx_word' id='word_1_259' title='bbox 606 1738 655 1778; x_wconf 88' lang='lat' dir='ltr'>fides</span> <span class='ocrx_word' id='word_1_260' title='bbox 670 1737 785 1786; x_wconf 68' lang='lat' dir='ltr'>estP—a’c</span> <span class='ocrx_word' id='word_1_261' title='bbox 799 1741 872 1780; x_wconf 76' lang='grc' dir='ltr'><em>πᾶσαν</em></span> 
     </span>
     <span class='ocr_line' id='line_1_29' title="bbox 102 1789 872 1849; baseline 0 -17"><span class='ocrx_word' id='word_1_262' title='bbox 102 1820 130 1828; x_wconf 96' lang='grc'>-</span> <span class='ocrx_word' id='word_1_263' title='bbox 144 1789 229 1849; x_wconf 69' lang='grc' dir='ltr'><strong><em>ῥήματα</em></strong></span> <span class='ocrx_word' id='word_1_264' title='bbox 244 1790 326 1843; x_wconf 76' lang='grc' dir='ltr'><em>αὐτῶν)</em></span> <span class='ocrx_word' id='word_1_265' title='bbox 341 1792 374 1832; x_wconf 78' lang='lat' dir='ltr'>Sic</span> <span class='ocrx_word' id='word_1_266' title='bbox 388 1793 457 1842; x_wconf 83' lang='lat' dir='ltr'>LXX,</span> <span class='ocrx_word' id='word_1_267' title='bbox 471 1793 577 1842; x_wconf 71' lang='lat' dir='ltr'>Ps.19,5&#39;.</span> <span class='ocrx_word' id='word_1_268' title='bbox 605 1793 629 1831; x_wconf 89' lang='lat' dir='ltr'>In</span> <span class='ocrx_word' id='word_1_269' title='bbox 645 1806 667 1831; x_wconf 93' lang='lat' dir='ltr'>eo</span> <span class='ocrx_word' id='word_1_270' title='bbox 680 1792 760 1832; x_wconf 83' lang='lat' dir='ltr'>Psalmo</span> <span class='ocrx_word' id='word_1_271' title='bbox 774 1798 803 1832; x_wconf 88' lang='lat' dir='ltr'>est</span> <span class='ocrx_word' id='word_1_272' title='bbox 817 1792 872 1832; x_wconf 79' lang='lat' dir='ltr'>Com-</span> 
     </span>
     <span class='ocr_line' id='line_1_30' title="bbox 102 1847 871 1899; baseline -0.004 -11"><span class='ocrx_word' id='word_1_273' title='bbox 102 1849 190 1899; x_wconf 83' lang='lat' dir='ltr'>paratio,</span> <span class='ocrx_word' id='word_1_274' title='bbox 210 1852 230 1886; x_wconf 87' lang='lat' dir='ltr'>et</span> <span class='ocrx_word' id='word_1_275' title='bbox 243 1847 326 1899; x_wconf 88' lang='lat' dir='ltr'>protasis</span> <span class='ocrx_word' id='word_1_276' title='bbox 339 1847 420 1899; x_wconf 87' lang='lat' dir='ltr'>quidem</span> <span class='ocrx_word' id='word_1_277' title='bbox 433 1861 452 1886; x_wconf 83' lang='lat' dir='ltr'>v.</span> <span class='ocrx_word' id='word_1_278' title='bbox 465 1854 547 1896; x_wconf 75' lang='lat'>2—7.,</span> <span class='ocrx_word' id='word_1_279' title='bbox 567 1847 657 1899; x_wconf 88' lang='lat' dir='ltr'>apodosis</span> <span class='ocrx_word' id='word_1_280' title='bbox 672 1852 736 1886; x_wconf 89' lang='lat' dir='ltr'>autem</span> <span class='ocrx_word' id='word_1_281' title='bbox 748 1861 767 1886; x_wconf 89' lang='lat' dir='ltr'>v.</span> <span class='ocrx_word' id='word_1_282' title='bbox 782 1853 801 1891; x_wconf 85' lang='lat'>8.</span> <span class='ocrx_word' id='word_1_283' title='bbox 816 1860 871 1899; x_wconf 89' lang='lat' dir='ltr'>seqq.</span> 
     </span>
     <span class='ocr_line' id='line_1_31' title="bbox 102 1900 873 1953; baseline -0.001 -11"><span class='ocrx_word' id='word_1_284' title='bbox 102 1902 153 1942; x_wconf 83' lang='lat' dir='ltr'>Inde</span> <span class='ocrx_word' id='word_1_285' title='bbox 167 1900 242 1953; x_wconf 86' lang='lat' dir='ltr'>liquido</span> <span class='ocrx_word' id='word_1_286' title='bbox 262 1901 330 1940; x_wconf 90' lang='lat' dir='ltr'>eadem</span> <span class='ocrx_word' id='word_1_287' title='bbox 348 1902 399 1942; x_wconf 86' lang='lat' dir='ltr'>ratio</span> <span class='ocrx_word' id='word_1_288' title='bbox 412 1902 517 1942; x_wconf 84' lang='lat' dir='ltr'>Praeconii</span> <span class='ocrx_word' id='word_1_289' title='bbox 533 1902 630 1941; x_wconf 84' lang='lat' dir='ltr'>coelorum</span> <span class='ocrx_word' id='word_1_290' title='bbox 645 1908 664 1941; x_wconf 88' lang='lat' dir='ltr'>et</span> <span class='ocrx_word' id='word_1_291' title='bbox 683 1902 791 1953; x_wconf 84' lang='lat' dir='ltr'>evangelii,</span> <span class='ocrx_word' id='word_1_292' title='bbox 806 1901 873 1942; x_wconf 54' lang='lat' dir='ltr'>‘omnia</span> 
     </span>
     <span class='ocr_line' id='line_1_32' title="bbox 103 1956 872 2010; baseline 0.001 -15"><span class='ocrx_word' id='word_1_293' title='bbox 103 1960 214 2009; x_wconf 88' lang='lat' dir='ltr'>penetrans,</span> <span class='ocrx_word' id='word_1_294' title='bbox 228 1956 350 2007; x_wconf 87' lang='lat' dir='ltr'>perspicitur.</span> <span class='ocrx_word' id='word_1_295' title='bbox 379 1956 502 2010; x_wconf 81' lang='lat' dir='ltr'>Comparatio</span> <span class='ocrx_word' id='word_1_296' title='bbox 515 1957 583 1996; x_wconf 87' lang='lat' dir='ltr'>nititur</span> <span class='ocrx_word' id='word_1_297' title='bbox 597 1956 681 1995; x_wconf 85' lang='lat' dir='ltr'>maxime</span> <span class='ocrx_word' id='word_1_298' title='bbox 695 1957 813 2008; x_wconf 84' lang='lat' dir='ltr'>allegatione</span> <span class='ocrx_word' id='word_1_299' title='bbox 827 1970 872 2009; x_wconf 89' lang='lat' dir='ltr'>apo-</span> 
     </span>
     <span class='ocr_line' id='line_1_33' title="bbox 103 2006 872 2064; baseline -0.003 -13"><span class='ocrx_word' id='word_1_300' title='bbox 103 2012 178 2059; x_wconf 86' lang='lat' dir='ltr'>stoliea,</span> <span class='ocrx_word' id='word_1_301' title='bbox 192 2022 229 2049; x_wconf 88' lang='lat' dir='ltr'>nec</span> <span class='ocrx_word' id='word_1_302' title='bbox 242 2011 306 2049; x_wconf 78' lang='lat' dir='ltr'>textui</span> <span class='ocrx_word' id='word_1_303' title='bbox 319 2011 359 2050; x_wconf 89' lang='lat' dir='ltr'>vim</span> <span class='ocrx_word' id='word_1_304' title='bbox 371 2012 435 2051; x_wconf 82' lang='lat' dir='ltr'>infert.</span> <span class='ocrx_word' id='word_1_305' title='bbox 448 2033 475 2039; x_wconf 90' lang='lat'><em>-</em></span> <span class='ocrx_word' id='word_1_306' title='bbox 491 2006 501 2053; x_wconf 82' lang='grc' dir='ltr'>ὁ</span> <span class='ocrx_word' id='word_1_307' title='bbox 516 2008 619 2064; x_wconf 72' lang='grc' dir='ltr'><em>φθόγγος,</em></span> <span class='ocrx_word' id='word_1_308' title='bbox 633 2010 699 2063; x_wconf 71' lang='lat' dir='ltr'>sonans)</span> <span class='ocrx_word' id='word_1_309' title='bbox 713 2011 747 2050; x_wconf 89' lang='lat' dir='ltr'>Ps.</span> <span class='ocrx_word' id='word_1_310' title='bbox 762 2017 794 2060; x_wconf 79' lang='lat'>19,</span> <span class='ocrx_word' id='word_1_311' title='bbox 809 2017 827 2055; x_wconf 82' lang='lat'>5.</span> <span class='ocrx_word' id='word_1_312' title='bbox 842 2019 872 2056; x_wconf 70' lang='lat' dir='ltr'>ap.</span> 
     </span>
     <span class='ocr_line' id='line_1_34' title="bbox 103 2060 873 2117; baseline 0 -12"><span class='ocrx_word' id='word_1_313' title='bbox 103 2065 129 2105; x_wconf 92' lang='lat' dir='ltr'>Id</span> <span class='ocrx_word' id='word_1_314' title='bbox 142 2064 217 2117; x_wconf 87' lang='lat' dir='ltr'>Aquila</span> <span class='ocrx_word' id='word_1_315' title='bbox 232 2064 277 2103; x_wconf 90' lang='lat' dir='ltr'>olim</span> <span class='ocrx_word' id='word_1_316' title='bbox 290 2069 376 2105; x_wconf 74' lang='lat' dir='ltr'>verterat</span> <span class='ocrx_word' id='word_1_317' title='bbox 391 2060 467 2107; x_wconf 76' lang='lat' dir='ltr'>novole.</span> <span class='ocrx_word' id='word_1_318' title='bbox 492 2065 540 2104; x_wconf 87' lang='lat' dir='ltr'>conf.</span> <span class='ocrx_word' id='word_1_319' title='bbox 555 2066 630 2105; x_wconf 85' lang='lat' dir='ltr'>omnine</span> <span class='ocrx_word' id='word_1_320' title='bbox 645 2065 709 2108; x_wconf 76' lang='lat' dir='ltr'>ador.</span> <span class='ocrx_word' id='word_1_321' title='bbox 725 2071 755 2113; x_wconf 82' lang='lat'>10,</span> <span class='ocrx_word' id='word_1_322' title='bbox 771 2073 803 2110; x_wconf 80' lang='lat'>15.</span> <span class='ocrx_word' id='word_1_323' title='bbox 832 2065 873 2106; x_wconf 81' lang='lat' dir='ltr'>Sua</span> 
     </span>
     <span class='ocr_line' id='line_1_35' title="bbox 104 2119 873 2173; baseline 0.001 -14"><span class='ocrx_word' id='word_1_324' title='bbox 104 2121 174 2173; x_wconf 87' lang='lat' dir='ltr'>cuique</span> <span class='ocrx_word' id='word_1_325' title='bbox 187 2119 274 2171; x_wconf 88' lang='lat' dir='ltr'>apostolo</span> <span class='ocrx_word' id='word_1_326' title='bbox 289 2119 368 2158; x_wconf 83' lang='lat' dir='ltr'>definita</span> <span class='ocrx_word' id='word_1_327' title='bbox 383 2125 425 2158; x_wconf 86' lang='lat' dir='ltr'>erat</span> <span class='ocrx_word' id='word_1_328' title='bbox 437 2120 492 2171; x_wconf 85' lang='lat' dir='ltr'>regio</span> <span class='ocrx_word' id='word_1_329' title='bbox 507 2124 526 2158; x_wconf 92' lang='lat' dir='ltr'>et</span> <span class='ocrx_word' id='word_1_330' title='bbox 534 2120 591 2171; x_wconf 87' lang='lat' dir='ltr'>qnasi</span> <span class='ocrx_word' id='word_1_331' title='bbox 605 2120 710 2172; x_wconf 84' lang='lat' dir='ltr'>provincia,</span> <span class='ocrx_word' id='word_1_332' title='bbox 725 2134 763 2172; x_wconf 93' lang='lat' dir='ltr'>quo</span> <span class='ocrx_word' id='word_1_333' title='bbox 777 2134 817 2160; x_wconf 82' lang='lat' dir='ltr'>vox</span> <span class='ocrx_word' id='word_1_334' title='bbox 830 2120 873 2171; x_wconf 87' lang='lat' dir='ltr'>ejus</span> 
     </span>
     <span class='ocr_line' id='line_1_36' title="bbox 105 2173 872 2226; baseline 0.001 -12"><span class='ocrx_word' id='word_1_335' title='bbox 105 2180 157 2214; x_wconf 86' lang='lat' dir='ltr'>esset</span> <span class='ocrx_word' id='word_1_336' title='bbox 174 2178 298 2225; x_wconf 87' lang='lat' dir='ltr'>perventura.</span> <span class='ocrx_word' id='word_1_337' title='bbox 332 2173 373 2212; x_wconf 81' lang='lat' dir='ltr'>Sed</span> <span class='ocrx_word' id='word_1_338' title='bbox 386 2187 448 2213; x_wconf 81' lang='lat' dir='ltr'>eccaoa</span> <span class='ocrx_word' id='word_1_339' title='bbox 467 2179 496 2212; x_wconf 90' lang='lat' dir='ltr'>est</span> <span class='ocrx_word' id='word_1_340' title='bbox 513 2178 588 2212; x_wconf 85' lang='lat' dir='ltr'>tanturn</span> <span class='ocrx_word' id='word_1_341' title='bbox 607 2174 736 2226; x_wconf 87' lang='lat' dir='ltr'>singulorum:</span> <span class='ocrx_word' id='word_1_342' title='bbox 754 2190 813 2215; x_wconf 78' lang='lat' dir='ltr'>concas</span> <span class='ocrx_word' id='word_1_343' title='bbox 831 2175 872 2215; x_wconf 89' lang='lat' dir='ltr'>sive</span> 
     </span>
     <span class='ocr_line' id='line_1_37' title="bbox 103 2227 513 2280; baseline -0.007 -11"><span class='ocrx_word' id='word_1_344' title='bbox 103 2242 176 2277; x_wconf 76' lang='lat' dir='ltr'>serrae,</span> <span class='ocrx_word' id='word_1_345' title='bbox 191 2227 217 2267; x_wconf 88' lang='lat' dir='ltr'>ad</span> <span class='ocrx_word' id='word_1_346' title='bbox 235 2227 324 2267; x_wconf 84' lang='lat' dir='ltr'>cunctam</span> <span class='ocrx_word' id='word_1_347' title='bbox 338 2233 410 2267; x_wconf 82' lang='lat' dir='ltr'>ten-arn</span> <span class='ocrx_word' id='word_1_348' title='bbox 423 2228 513 2280; x_wconf 86' lang='lat' dir='ltr'>pertinet.</span> 
     </span>
    </p>

    <p class='ocr_par' dir='ltr' id='par_1_15' title="bbox 99 2277 874 2937">
     <span class='ocr_line' id='line_1_38' title="bbox 158 2277 872 2336; baseline 0.001 -14"><span class='ocrx_word' id='word_1_349' title='bbox 158 2297 177 2322; x_wconf 92' lang='lat' dir='ltr'>v.</span> <span class='ocrx_word' id='word_1_350' title='bbox 193 2287 224 2326; x_wconf 82' lang='lat'>19.</span> <span class='ocrx_word' id='word_1_351' title='bbox 238 2278 269 2333; x_wconf 72' lang='grc' dir='ltr'><em>μή</em></span> <span class='ocrx_word' id='word_1_352' title='bbox 283 2278 308 2324; x_wconf 72' lang='grc' dir='ltr'>ἐκ</span> <span class='ocrx_word' id='word_1_353' title='bbox 319 2279 372 2335; x_wconf 70' lang='grc' dir='ltr'><em>ἔγνον</em></span> <span class='ocrx_word' id='word_1_354' title='bbox 382 2277 472 2336; x_wconf 68' lang='grc' dir='ltr'><em>ἰσραηλ,</em></span> <span class='ocrx_word' id='word_1_355' title='bbox 485 2296 531 2322; x_wconf 73' lang='grc' dir='ltr'><em>οσον</em></span> <span class='ocrx_word' id='word_1_356' title='bbox 542 2295 580 2321; x_wconf 84' lang='lat' dir='ltr'>non</span> <span class='ocrx_word' id='word_1_357' title='bbox 591 2283 733 2334; x_wconf 78' lang='lat' dir='ltr'>raooitIsracl?)</span> <span class='ocrx_word' id='word_1_358' title='bbox 749 2283 822 2323; x_wconf 82' lang='lat' dir='ltr'>Sensus</span> <span class='ocrx_word' id='word_1_359' title='bbox 834 2288 872 2323; x_wconf 86' lang='lat' dir='ltr'>est:</span> 
     </span>
     <span class='ocr_line' id='line_1_39' title="bbox 102 2336 873 2389; baseline 0 -12"><span class='ocrx_word' id='word_1_360' title='bbox 102 2338 198 2377; x_wconf 75' lang='lat' dir='ltr'>Israelem</span> <span class='ocrx_word' id='word_1_361' title='bbox 212 2337 298 2389; x_wconf 90' lang='lat' dir='ltr'>potuisse</span> <span class='ocrx_word' id='word_1_362' title='bbox 313 2341 332 2375; x_wconf 90' lang='lat' dir='ltr'>et</span> <span class='ocrx_word' id='word_1_363' title='bbox 347 2337 437 2376; x_wconf 87' lang='lat' dir='ltr'>debuisse</span> <span class='ocrx_word' id='word_1_364' title='bbox 453 2349 559 2389; x_wconf 86' lang='lat' dir='ltr'>agnoscere</span> <span class='ocrx_word' id='word_1_365' title='bbox 570 2336 666 2387; x_wconf 83' lang='lat' dir='ltr'>justitiam</span> <span class='ocrx_word' id='word_1_366' title='bbox 675 2337 723 2377; x_wconf 89' lang='lat' dir='ltr'>Dei:</span> <span class='ocrx_word' id='word_1_367' title='bbox 738 2338 774 2377; x_wconf 88' lang='lat' dir='ltr'>sed</span> <span class='ocrx_word' id='word_1_368' title='bbox 786 2352 827 2378; x_wconf 90' lang='lat' dir='ltr'>non</span> <span class='ocrx_word' id='word_1_369' title='bbox 839 2352 873 2377; x_wconf 77' lang='lat' dir='ltr'>vo-</span> 
     </span>
     <span class='ocr_line' id='line_1_40' title="bbox 103 2390 872 2444; baseline 0 -12"><span class='ocrx_word' id='word_1_370' title='bbox 103 2394 169 2432; x_wconf 88' lang='lat' dir='ltr'>luisse.</span> <span class='ocrx_word' id='word_1_371' title='bbox 184 2406 203 2432; x_wconf 88' lang='lat' dir='ltr'>v.</span> <span class='ocrx_word' id='word_1_372' title='bbox 217 2397 235 2433; x_wconf 83' lang='lat'>5.</span> <span class='ocrx_word' id='word_1_373' title='bbox 252 2390 316 2443; x_wconf 88' lang='lat' dir='ltr'>quue</span> <span class='ocrx_word' id='word_1_374' title='bbox 330 2392 439 2431; x_wconf 85' lang='lat' dir='ltr'>ostenditur</span> <span class='ocrx_word' id='word_1_375' title='bbox 452 2405 504 2430; x_wconf 87' lang='lat' dir='ltr'>nune</span> <span class='ocrx_word' id='word_1_376' title='bbox 519 2404 544 2429; x_wconf 83' lang='lat' dir='ltr'>ex</span> <span class='ocrx_word' id='word_1_377' title='bbox 553 2391 609 2430; x_wconf 86' lang='lat' dir='ltr'>Mose</span> <span class='ocrx_word' id='word_1_378' title='bbox 624 2396 643 2430; x_wconf 90' lang='lat' dir='ltr'>et</span> <span class='ocrx_word' id='word_1_379' title='bbox 657 2392 722 2444; x_wconf 80' lang='lat' dir='ltr'>Esaja.</span> <span class='ocrx_word' id='word_1_380' title='bbox 744 2391 818 2432; x_wconf 91' lang='lat' dir='ltr'>Paulus</span> <span class='ocrx_word' id='word_1_381' title='bbox 830 2407 872 2444; x_wconf 91' lang='lat' dir='ltr'>cap.</span> 
     </span>
     <span class='ocr_line' id='line_1_41' title="bbox 103 2443 874 2500; baseline 0.003 -16"><span class='ocrx_word' id='word_1_382' title='bbox 103 2453 177 2491; x_wconf 84' lang='lat'>9—11.</span> <span class='ocrx_word' id='word_1_383' title='bbox 191 2443 304 2497; x_wconf 83' lang='lat' dir='ltr'>frequenter</span> <span class='ocrx_word' id='word_1_384' title='bbox 318 2447 406 2498; x_wconf 91' lang='lat' dir='ltr'>appellat</span> <span class='ocrx_word' id='word_1_385' title='bbox 419 2449 518 2494; x_wconf 78' lang='lat' dir='ltr'>Israelem,</span> <span class='ocrx_word' id='word_1_386' title='bbox 532 2459 571 2485; x_wconf 91' lang='lat' dir='ltr'>nen</span> <span class='ocrx_word' id='word_1_387' title='bbox 584 2447 710 2486; x_wconf 70' lang='lat' dir='ltr'>Jacaeoa-</span> <span class='ocrx_word' id='word_1_388' title='bbox 722 2448 804 2500; x_wconf 74' lang='grc' dir='ltr'><em>πρῶτος</em></span> <span class='ocrx_word' id='word_1_389' title='bbox 816 2449 874 2500; x_wconf 68' lang='lat' dir='ltr'>proii-</span> 
     </span>
     <span class='ocr_line' id='line_1_42' title="bbox 104 2499 873 2554; baseline 0 -12"><span class='ocrx_word' id='word_1_390' title='bbox 104 2503 153 2551; x_wconf 75' lang='grc' dir='ltr'><em>σῆς,</em></span> <span class='ocrx_word' id='word_1_391' title='bbox 163 2502 241 2552; x_wconf 66' lang='lat' dir='ltr'>pacatas</span> <span class='ocrx_word' id='word_1_392' title='bbox 255 2499 327 2554; x_wconf 83' lang='lat' dir='ltr'>Moses)</span> <span class='ocrx_word' id='word_1_393' title='bbox 342 2501 419 2549; x_wconf 87' lang='lat' dir='ltr'>Moses,</span> <span class='ocrx_word' id='word_1_394' title='bbox 434 2501 470 2541; x_wconf 90' lang='lat' dir='ltr'>sub</span> <span class='ocrx_word' id='word_1_395' title='bbox 485 2515 524 2553; x_wconf 90' lang='lat' dir='ltr'>qno</span> <span class='ocrx_word' id='word_1_396' title='bbox 538 2501 601 2540; x_wconf 76' lang='lat' dir='ltr'>lsrael</span> <span class='ocrx_word' id='word_1_397' title='bbox 615 2500 697 2541; x_wconf 87' lang='lat' dir='ltr'>formam</span> <span class='ocrx_word' id='word_1_398' title='bbox 710 2501 778 2553; x_wconf 86' lang='lat' dir='ltr'>populi</span> <span class='ocrx_word' id='word_1_399' title='bbox 792 2503 873 2553; x_wconf 85' lang='lat' dir='ltr'>accepit,</span> 
     </span>
     <span class='ocr_line' id='line_1_43' title="bbox 100 2551 873 2610; baseline 0.004 -15"><span class='ocrx_word' id='word_1_400' title='bbox 100 2556 144 2609; x_wconf 77' lang='lat' dir='ltr'>J&#39;am</span> <span class='ocrx_word' id='word_1_401' title='bbox 157 2559 199 2593; x_wconf 91' lang='lat' dir='ltr'>tum</span> <span class='ocrx_word' id='word_1_402' title='bbox 214 2554 269 2592; x_wconf 75' lang='lat' dir='ltr'>dixit.</span> <span class='ocrx_word' id='word_1_403' title='bbox 280 2579 308 2586; x_wconf 87' lang='lat'><em>-</em></span> <span class='ocrx_word' id='word_1_404' title='bbox 322 2551 565 2607; x_wconf 70' lang='grc' dir='ltr'>ἔγώ-ὑμνῖς-ὖγιᾶς)</span> <span class='ocrx_word' id='word_1_405' title='bbox 579 2555 678 2605; x_wconf 78' lang='lat' dir='ltr'>Deut52,</span> <span class='ocrx_word' id='word_1_406' title='bbox 687 2561 718 2599; x_wconf 84' lang='lat'>21.</span> <span class='ocrx_word' id='word_1_407' title='bbox 732 2556 801 2605; x_wconf 87' lang='lat' dir='ltr'>LXX,</span> <span class='ocrx_word' id='word_1_408' title='bbox 814 2552 873 2610; x_wconf 66' lang='grc' dir='ltr'>νοῖγω1</span> 
     </span>
     <span class='ocr_line' id='line_1_44' title="bbox 103 2604 873 2664; baseline 0.003 -15"><span class='ocrx_word' id='word_1_409' title='bbox 103 2636 131 2644; x_wconf 93' lang='grc'><strong>-</strong></span> <span class='ocrx_word' id='word_1_410' title='bbox 146 2604 213 2655; x_wconf 52' lang='grc' dir='ltr'>αὐτοὶ·</span> <span class='ocrx_word' id='word_1_411' title='bbox 227 2631 254 2639; x_wconf 88' lang='grc'>-</span> <span class='ocrx_word' id='word_1_412' title='bbox 269 2605 339 2653; x_wconf 70' lang='lat' dir='ltr'>atate.</span> <span class='ocrx_word' id='word_1_413' title='bbox 353 2634 379 2640; x_wconf 93' lang='lat'><em>-</em></span> <span class='ocrx_word' id='word_1_414' title='bbox 395 2608 421 2648; x_wconf 70' lang='grc' dir='ltr'>ἐν</span> <span class='ocrx_word' id='word_1_415' title='bbox 434 2608 503 2663; x_wconf 69' lang='grc' dir='ltr'><em>ἔθνει)</em></span> <span class='ocrx_word' id='word_1_416' title='bbox 518 2609 588 2648; x_wconf 89' lang='lat' dir='ltr'>Latine</span> <span class='ocrx_word' id='word_1_417' title='bbox 599 2612 664 2663; x_wconf 89' lang='lat' dir='ltr'>possis</span> <span class='ocrx_word' id='word_1_418' title='bbox 679 2611 753 2650; x_wconf 87' lang='lat' dir='ltr'>dicere:</span> <span class='ocrx_word' id='word_1_419' title='bbox 768 2612 873 2664; x_wconf 74' lang='lat' dir='ltr'>Ne-peatc.</span> 
     </span>
     <span class='ocr_line' id='line_1_45' title="bbox 104 2662 873 2720; baseline -0.001 -15"><span class='ocrx_word' id='word_1_420' title='bbox 104 2663 273 2715; x_wconf 82' lang='lat' dir='ltr'>Quemadmodum</span> <span class='ocrx_word' id='word_1_421' title='bbox 289 2662 373 2714; x_wconf 89' lang='lat' dir='ltr'>populus</span> <span class='ocrx_word' id='word_1_422' title='bbox 389 2662 436 2702; x_wconf 90' lang='lat' dir='ltr'>deos</span> <span class='ocrx_word' id='word_1_423' title='bbox 449 2663 552 2703; x_wconf 87' lang='lat' dir='ltr'>non-deos</span> <span class='ocrx_word' id='word_1_424' title='bbox 567 2670 644 2705; x_wconf 89' lang='lat' dir='ltr'>secutus</span> <span class='ocrx_word' id='word_1_425' title='bbox 660 2670 698 2705; x_wconf 88' lang='lat' dir='ltr'>est:</span> <span class='ocrx_word' id='word_1_426' title='bbox 711 2666 739 2705; x_wconf 87' lang='lat' dir='ltr'>ita</span> <span class='ocrx_word' id='word_1_427' title='bbox 750 2666 816 2714; x_wconf 90' lang='lat' dir='ltr'>Dens,</span> <span class='ocrx_word' id='word_1_428' title='bbox 829 2679 873 2720; x_wconf 88' lang='lat' dir='ltr'>per-</span> 
     </span>
     <span class='ocr_line' id='line_1_46' title="bbox 102 2716 873 2773; baseline 0.004 -15"><span class='ocrx_word' id='word_1_429' title='bbox 102 2719 169 2758; x_wconf 86' lang='lat' dir='ltr'>fidiam</span> <span class='ocrx_word' id='word_1_430' title='bbox 182 2717 251 2771; x_wconf 89' lang='lat' dir='ltr'>populi</span> <span class='ocrx_word' id='word_1_431' title='bbox 264 2716 370 2765; x_wconf 86' lang='lat' dir='ltr'>ulciscens,</span> <span class='ocrx_word' id='word_1_432' title='bbox 384 2716 479 2769; x_wconf 90' lang='lat' dir='ltr'>populum</span> <span class='ocrx_word' id='word_1_433' title='bbox 492 2731 530 2757; x_wconf 91' lang='lat' dir='ltr'>non</span> <span class='ocrx_word' id='word_1_434' title='bbox 543 2721 647 2771; x_wconf 90' lang='lat' dir='ltr'>populum,</span> <span class='ocrx_word' id='word_1_435' title='bbox 663 2721 767 2773; x_wconf 90' lang='lat' dir='ltr'>populum,</span> <span class='ocrx_word' id='word_1_436' title='bbox 787 2721 820 2772; x_wconf 90' lang='lat' dir='ltr'>qui</span> <span class='ocrx_word' id='word_1_437' title='bbox 834 2734 873 2767; x_wconf 88' lang='lat' dir='ltr'>non</span> 
     </span>
     <span class='ocr_line' id='line_1_47' title="bbox 102 2771 872 2828; baseline 0.003 -15"><span class='ocrx_word' id='word_1_438' title='bbox 102 2773 190 2813; x_wconf 85' lang='lat' dir='ltr'>habebat</span> <span class='ocrx_word' id='word_1_439' title='bbox 203 2772 273 2819; x_wconf 82' lang='lat' dir='ltr'>Deum,</span> <span class='ocrx_word' id='word_1_440' title='bbox 287 2771 382 2824; x_wconf 88' lang='lat' dir='ltr'>populum</span> <span class='ocrx_word' id='word_1_441' title='bbox 390 2771 460 2810; x_wconf 75' lang='lat' dir='ltr'>Israeli</span> <span class='ocrx_word' id='word_1_442' title='bbox 473 2773 532 2824; x_wconf 86' lang='lat' dir='ltr'>plane</span> <span class='ocrx_word' id='word_1_443' title='bbox 547 2773 664 2825; x_wconf 86' lang='lat' dir='ltr'>dissimilem,</span> <span class='ocrx_word' id='word_1_444' title='bbox 679 2775 770 2827; x_wconf 88' lang='lat' dir='ltr'>suscepit.</span> <span class='ocrx_word' id='word_1_445' title='bbox 793 2774 825 2815; x_wconf 81' lang='lat' dir='ltr'>Sic</span> <span class='ocrx_word' id='word_1_446' title='bbox 836 2790 872 2828; x_wconf 83' lang='lat' dir='ltr'>po-</span> 
     </span>
     <span class='ocr_line' id='line_1_48' title="bbox 99 2826 872 2883; baseline 0.003 -15"><span class='ocrx_word' id='word_1_447' title='bbox 99 2830 146 2881; x_wconf 77' lang='lat' dir='ltr'>puli</span> <span class='ocrx_word' id='word_1_448' title='bbox 156 2840 226 2867; x_wconf 87' lang='lat' dir='ltr'>nomen</span> <span class='ocrx_word' id='word_1_449' title='bbox 239 2826 290 2866; x_wconf 86' lang='lat' dir='ltr'>redit</span> <span class='ocrx_word' id='word_1_450' title='bbox 303 2839 342 2866; x_wconf 89' lang='lat' dir='ltr'>non</span> <span class='ocrx_word' id='word_1_451' title='bbox 356 2840 375 2865; x_wconf 79' lang='lat' dir='ltr'>v.</span> <span class='ocrx_word' id='word_1_452' title='bbox 386 2831 425 2874; x_wconf 75' lang='lat'>20,</span> <span class='ocrx_word' id='word_1_453' title='bbox 439 2826 474 2865; x_wconf 83' lang='lat' dir='ltr'>sed</span> <span class='ocrx_word' id='word_1_454' title='bbox 487 2840 506 2866; x_wconf 84' lang='lat' dir='ltr'>v.</span> <span class='ocrx_word' id='word_1_455' title='bbox 516 2832 548 2869; x_wconf 81' lang='lat'>21.</span> <span class='ocrx_word' id='word_1_456' title='bbox 558 2850 589 2857; x_wconf 59' lang='lat'>&gt;—</span> <span class='ocrx_word' id='word_1_457' title='bbox 599 2826 701 2883; x_wconf 75' lang='grc' dir='ltr'><em>ἆσννὲτῳ,</em></span> <span class='ocrx_word' id='word_1_458' title='bbox 715 2830 822 2883; x_wconf 73' lang='lat' dir='ltr'>iaasa&#39;picate)</span> <span class='ocrx_word' id='word_1_459' title='bbox 838 2829 872 2870; x_wconf 79' lang='lat' dir='ltr'>sa-</span> 
     </span>
     <span class='ocr_line' id='line_1_49' title="bbox 102 2880 873 2937; baseline 0.001 -14"><span class='ocrx_word' id='word_1_460' title='bbox 102 2882 177 2936; x_wconf 87' lang='lat' dir='ltr'>pientia</span> <span class='ocrx_word' id='word_1_461' title='bbox 190 2882 283 2934; x_wconf 89' lang='lat' dir='ltr'>pepulum</span> <span class='ocrx_word' id='word_1_462' title='bbox 298 2881 350 2921; x_wconf 87' lang='lat' dir='ltr'>facit.</span> <span class='ocrx_word' id='word_1_463' title='bbox 364 2880 411 2920; x_wconf 81' lang='lat' dir='ltr'>Job.</span> <span class='ocrx_word' id='word_1_464' title='bbox 420 2886 451 2928; x_wconf 83' lang='lat'>12,</span> <span class='ocrx_word' id='word_1_465' title='bbox 461 2887 479 2922; x_wconf 85' lang='lat'>2.</span> <span class='ocrx_word' id='word_1_466' title='bbox 507 2880 577 2933; x_wconf 88' lang='lat' dir='ltr'>Itaque</span> <span class='ocrx_word' id='word_1_467' title='bbox 588 2884 674 2934; x_wconf 89' lang='lat' dir='ltr'>populus</span> <span class='ocrx_word' id='word_1_468' title='bbox 685 2885 778 2937; x_wconf 89' lang='lat' dir='ltr'>insipiens</span> <span class='ocrx_word' id='word_1_469' title='bbox 791 2891 820 2925; x_wconf 88' lang='lat' dir='ltr'>est</span> <span class='ocrx_word' id='word_1_470' title='bbox 833 2899 873 2924; x_wconf 82' lang='grc' dir='ltr'><em>νιονν</em></span> 
     </span>
    </p>
   </div>
   <div class='ocr_carea' id='block_1_12' title="bbox 101 2934 906 2991">
    <p class='ocr_par' dir='ltr' id='par_1_16' title="bbox 101 2934 906 2991">
     <span class='ocr_line' id='line_1_50' title="bbox 101 2934 906 2991; baseline 0.002 -14"><span class='ocrx_word' id='word_1_471' title='bbox 101 2952 160 2991; x_wconf 76' lang='lat' dir='ltr'>pcas,·</span> <span class='ocrx_word' id='word_1_472' title='bbox 175 2936 266 2990; x_wconf 86' lang='lat' dir='ltr'>populus,</span> <span class='ocrx_word' id='word_1_473' title='bbox 281 2937 315 2989; x_wconf 88' lang='lat' dir='ltr'>qui</span> <span class='ocrx_word' id='word_1_474' title='bbox 323 2936 388 2975; x_wconf 86' lang='lat' dir='ltr'>Deum</span> <span class='ocrx_word' id='word_1_475' title='bbox 401 2948 440 2974; x_wconf 90' lang='lat' dir='ltr'>non</span> <span class='ocrx_word' id='word_1_476' title='bbox 453 2934 513 2982; x_wconf 84' lang='lat' dir='ltr'>novit,</span> <span class='ocrx_word' id='word_1_477' title='bbox 528 2940 557 2975; x_wconf 89' lang='lat' dir='ltr'>est</span> <span class='ocrx_word' id='word_1_478' title='bbox 568 2937 666 2989; x_wconf 59' lang='lat' dir='ltr'>inspicare.</span> <span class='ocrx_word' id='word_1_479' title='bbox 680 2948 707 2983; x_wconf 60' lang='grc' dir='ltr'>η)</span> <span class='ocrx_word' id='word_1_480' title='bbox 722 2944 751 2979; x_wconf 85' lang='lat' dir='ltr'>est</span> <span class='ocrx_word' id='word_1_481' title='bbox 764 2938 828 2990; x_wconf 70' lang='grc' dir='ltr'><em>μέσον</em></span> <span class='ocrx_word' id='word_1_482' title='bbox 839 2953 873 2980; x_wconf 92' lang='lat' dir='ltr'>vo·</span> <span class='ocrx_word' id='word_1_483' title='bbox 904 2956 906 2961; x_wconf 95' lang='lat'>·</span> 
     </span>
    </p>
   </div>
   <div class='ocr_carea' id='block_1_13' title="bbox 103 2988 871 3045">
    <p class='ocr_par' dir='ltr' id='par_1_17' title="bbox 103 2988 871 3045">
     <span class='ocr_line' id='line_1_51' title="bbox 103 2988 871 3045; baseline 0.004 -14"><span class='ocrx_word' id='word_1_484' title='bbox 103 2992 200 3041; x_wconf 85' lang='lat' dir='ltr'>cabnlum,</span> <span class='ocrx_word' id='word_1_485' title='bbox 215 3004 253 3043; x_wconf 91' lang='lat' dir='ltr'>qno</span> <span class='ocrx_word' id='word_1_486' title='bbox 266 2992 324 3031; x_wconf 88' lang='lat' dir='ltr'>etiam</span> <span class='ocrx_word' id='word_1_487' title='bbox 330 2990 395 3031; x_wconf 71' lang='lat' dir='ltr'>Israel</span> <span class='ocrx_word' id='word_1_488' title='bbox 402 2994 485 3030; x_wconf 88' lang='lat' dir='ltr'>notatur.</span> <span class='ocrx_word' id='word_1_489' title='bbox 504 2989 610 3042; x_wconf 84' lang='lat' dir='ltr'>Epitheton</span> <span class='ocrx_word' id='word_1_490' title='bbox 624 2988 659 3034; x_wconf 66' lang='lat'>52³</span> <span class='ocrx_word' id='word_1_491' title='bbox 669 2999 738 3045; x_wconf 82' lang='lat' dir='ltr'>gentes</span> <span class='ocrx_word' id='word_1_492' title='bbox 753 2994 801 3035; x_wconf 82' lang='lat' dir='ltr'>alias</span> <span class='ocrx_word' id='word_1_493' title='bbox 811 2999 871 3035; x_wconf 86' lang='lat' dir='ltr'>notat.</span> 
     </span>
    </p>
   </div>
   <div class='ocr_carea' id='block_1_14' title="bbox 131 3111 727 3162">
    <p class='ocr_par' dir='ltr' id='par_1_18' title="bbox 131 3111 727 3162">
     <span class='ocr_line' id='line_1_52' title="bbox 131 3111 727 3162; baseline -0.002 -11"><span class='ocrx_word' id='word_1_494' title='bbox 131 3115 149 3162; x_wconf 62' lang='lat' dir='ltr'>³t)</span> <span class='ocrx_word' id='word_1_495' title='bbox 162 3111 225 3161; x_wconf 75' lang='grc' dir='ltr'><em>ἡμῶν,</em></span> <span class='ocrx_word' id='word_1_496' title='bbox 237 3114 313 3162; x_wconf 82' lang='lat' dir='ltr'>nostroe]</span> <span class='ocrx_word' id='word_1_497' title='bbox 326 3116 404 3159; x_wconf 86' lang='lat' dir='ltr'>tuorum,</span> <span class='ocrx_word' id='word_1_498' title='bbox 417 3115 482 3161; x_wconf 84' lang='lat' dir='ltr'>inquit,</span> <span class='ocrx_word' id='word_1_499' title='bbox 495 3114 599 3162; x_wconf 82' lang='lat' dir='ltr'>legatorum.</span> <span class='ocrx_word' id='word_1_500' title='bbox 627 3115 646 3150; x_wconf 89' lang='lat' dir='ltr'>V.</span> <span class='ocrx_word' id='word_1_501' title='bbox 657 3127 675 3161; x_wconf 83' lang='grc' dir='ltr'>γ.</span> <span class='ocrx_word' id='word_1_502' title='bbox 720 3121 727 3140; x_wconf 70' lang='lat' dir='ltr'>x</span> 
     </span>
    </p>
   </div>
   <div class='ocr_carea' id='block_1_15' title="bbox 943 2839 960 2998">
    <p class='ocr_par' dir='ltr' id='par_1_19' title="bbox 943 2839 956 2880">
     <span class='ocr_line' id='line_1_53' title="bbox 943 2839 956 2862; baseline 0 0"><span class='ocrx_word' id='word_1_503' title='bbox 943 2839 956 2862; x_wconf 65' lang='lat' dir='ltr'>li</span> 
     </span>
     <span class='ocr_line' id='line_1_54' title="bbox 944 2866 945 2880; baseline 0 0"><span class='ocrx_word' id='word_1_504' title='bbox 944 2866 945 2880; x_wconf 80' lang='lat' dir='ltr'>r</span> 
     </span>
    </p>

    <p class='ocr_par' dir='ltr' id='par_1_20' title="bbox 944 2881 960 2998">
     <span class='ocr_line' id='line_1_55' title="bbox 944 2881 958 2980; baseline 0 0"><span class='ocrx_word' id='word_1_505' title='bbox 944 2881 958 2980; x_wconf 41' lang='lat' dir='ltr'>g:</span> 
     </span>
     <span class='ocr_line' id='line_1_56' title="bbox 948 2979 960 2998; baseline 0 0"><span class='ocrx_word' id='word_1_506' title='bbox 948 2979 960 2998; x_wconf 68' lang='lat' dir='ltr'>⁷1¹&#39;i</span> 
     </span>
    </p>
   </div>
   <div class='ocr_carea' id='block_1_16' title="bbox 952 3027 960 3061">
    <p class='ocr_par' dir='ltr' id='par_1_21' title="bbox 952 3027 960 3061">
     <span class='ocr_line' id='line_1_57' title="bbox 952 3027 960 3061; baseline 0 0"><span class='ocrx_word' id='word_1_507' title='bbox 952 3027 960 3061; x_wconf 73' lang='lat' dir='ltr'>t</span> 
     </span>
    </p>
   </div>
   <div class='ocr_carea' id='block_1_17' title="bbox 0 0 972 3508">
    <p class='ocr_par' dir='ltr' id='par_1_22' title="bbox 0 0 972 3508">
     <span class='ocr_line' id='line_1_58' title="bbox 0 0 972 3508; baseline 0 0"><span class='ocrx_word' id='word_1_508' title='bbox 0 0 972 3508; x_wconf 95' lang='lat' dir='ltr'> </span> 
     </span>
    </p>
   </div>
  </div>
 </body>
</html>
