1922 3513
370 220 499 268 eorrrxja.
542 268 545 276 ἱ
641 277 642 280 ¹
799 226 821 262 m
877 222 894 232 ²

0 356 5 369 1
78 331 79 334 ’
104 342 123 366 v.
131 331 150 370 5.
166 322 195 367 ete
210 327 229 366 οἱ
243 322 331 377 πατέρες
340 321 395 374 111)
416 320 595 360 Corrementatz'eaem
608 318 635 358 ad
648 319 667 358 h.
681 318 721 357 l.e
744 318 822 370 scripsit

0 386 3 424 's
27 388 28 391 ’
52 397 94 424 ven.
106 379 279 433 Baanmerteaies,
295 382 314 415 et
326 375 459 427 Explicationi
473 374 530 426 hujus
543 373 645 427 Epistolae
660 372 737 424 adjecit.
766 372 822 422 Quae

51 441 70 478 in
80 450 102 476 ea
111 436 137 475 ad
144 448 175 474 me
185 433 289 485 pertinent,
304 429 410 483 explanavi
418 430 445 468 im
451 430 551 482 Zeapatss.
562 444 581 481 p.
588 432 634 472 157.
642 440 697 480 seqq.
707 426 745 480 (ed.
753 427 821 480 1748.)

0 495 2 528 ἰ
52 493 75 547 [e.
84 489 163 544 11281
177 510 205 516 -
219 488 254 529 καὶ
268 486 289 534 ἐξ
303 482 340 536 clv,
355 491 405 525 etex
417 484 492 536 quibas)
507 486 520 524 i.
530 497 547 523 e.
563 482 697 530 enlsraelitis7
711 482 821 530 Actaea.

0 563 2 591 1
50 547 83 587 Ad
95 538 130 585 sex
139 541 287 596 praerogativas
295 540 430 581 Israelitaum
439 538 497 579 modo
507 543 623 578 memoratas
634 536 709 577 accedit
719 542 823 588 1111111-

0 602 2 643 2
50 602 96 641 tima
106 604 126 639 et
135 603 210 646 octava,
226 596 251 635 de
259 595 348 649 patribus
358 595 422 645 deque
431 594 474 646 ipso
482 593 563 634 Messio.
584 592 662 632 Nobilis
673 596 702 631 est
712 605 735 631 ac
744 596 822 631 sanctus

0 662 1 693 1
50 654 133 708 populus
141 654 211 692 Isra'e't.
224 673 253 679 -
267 646 277 692 ὁ
287 648 316 699 als
329 650 342 689 i.
352 663 369 688 e.
384 649 407 695 ὅς
416 645 454 695 ige.
470 648 506 688 sed
514 647 640 701 participium
649 651 705 687 sonat
714 645 822 698 augustine.

50 708 179 759 Doxologiam
189 708 227 746 hoc
237 706 281 745 loco
290 718 329 744 non
339 717 387 752 esse,
401 716 441 742 non
451 702 517 756 inepte
527 703 599 757 probat
607 701 735 742 Artemonius
747 714 759 740 a
768 700 823 740 luctu

0 774 1 777 ’
49 763 117 804 Pauli:
131 763 185 802 Part.
193 761 209 801 l.
219 775 261 826 cap¹
269 763 302 805 12.
317 758 353 799 sed
363 758 416 798 idem
425 771 469 797 cum
480 759 537 798 sociis
549 757 654 806 contendit,
669 756 754 796 Paulum
763 755 823 807 scrip·

49 819 102 866 sisse,
114 812 162 858 11νὸ
173 814 207 857 iat*
217 830 310 864 nesrac,
322 810 374 859 θεός
383 817 425 854 art.
435 818 457 851 nt
465 819 544 853 notetur
553 813 603 852 haec
611 811 752 865 praerogativa
759 810 822 849 lsrae-

49 873 131 920 litarum,
147 870 199 923 quod
207 870 302 909 Dominus
313 868 339 907 sit
347 868 402 907 Dens
415 881 492 907 eorum:
508 873 528 907 11
540 867 597 917 illud,
612 864 623 909 ὁ
637 863 673 908 ἐπὶ
687 861 780 914 πάντων,
794 865 822 903 in-

48 931 166 979 terpretatur
180 925 213 973 ita,
227 925 277 963 hanc
290 921 447 975 praerogativam
461 935 505 962 esse
515 924 600 962 omnium
608 920 689 962 Israelis
705 919 823 971 dignitatum

48 981 157 1019 maximam.
186 978 226 1018 Sed
238 979 283 1017 talis
296 977 429 1028 interpretatio
441 972 485 1017 mid
496 976 531 1017 r'al
540 973 633 1025 adacei,
649 976 694 1015 coll.
708 975 759 1027 Eph.
767 978 786 1023 li,
795 980 821 1021 6.,

50 1036 79 1088 (ut
89 1035 139 1073 hanc
147 1033 208 1086 primo
218 1032 355 1082 amoveamus)
370 1030 486 1070 sententiam
499 1031 560 1070 habet
568 1044 612 1077 non
620 1030 659 1070 nisi
673 1043 698 1069 ex
711 1029 821 1083 patrocinio

48 1089 178 1140 hypotheseos
186 1087 293 1134 oriundam,
308 1090 327 1124 et
340 1085 376 1123 tali
386 1085 451 1137 potius
461 1085 549 1133 formula,
564 1081 589 1125 ao*
604 1081 631 1131 dn*
644 1081 731 1125 πάντων
744 1083 820 1135 μεῖζον,

48 1143 130 1193 exprimi
139 1141 275 1192 postulantem.
303 1139 420 1190 Conjectura
428 1138 477 1189 ipsa,
491 1135 521 1179 ὧν
534 1136 553 1186 ὁ,
569 1144 657 1191 apertam
666 1139 730 1177 textui
738 1138 778 1177 vim
791 1138 820 1176 in-

48 1196 90 1234 fert.
109 1195 160 1234 Nam
168 1195 184 1232 l.
198 1190 257 1234 11τό
267 1190 323 1233 aare?
333 1188 403 1246 odeas
414 1192 507 1231 discludit
516 1206 528 1231 1
538 1193 625 1232 membro
634 1193 731 1244 opposito,
746 1192 821 1243 ubique

49 1248 193 1298 commemorari
206 1247 268 1295 sotto,
283 1243 442 1297 1111111111μαῖ
470 1246 497 1284 Il.
509 1246 585 1285 Eadem
597 1247 707 1286 membrum
721 1258 821 1285 enumera-

48 1303 104 1343 tionis
117 1303 215 1350 ultimnm,
231 1302 262 1340 cui
276 1301 323 1349 ael,
338 1297 364 1348 et,
380 1301 517 1339 convenienter
531 1301 598 1349 datur,
614 1300 650 1341 καῖ
664 1300 685 1348 ἐξ
700 1296 729 1341 ὧν
744 1304 787 1346 att.
801 1300 822 1339 in

48 1358 87 1397 duo
102 1357 180 1405 dividit,
195 1360 215 1395 et
228 1356 297 1394 horum
311 1354 395 1393 altorum
409 1354 457 1394 dmo
472 1354 567 1406 aspmdeto
582 1354 647 1394 afficit.
697 1380 698 1383 =

102 1410 175 1462 Objicit
185 1409 318 1449 Artemonius:
335 1408 352 1446 I.
363 1408 451 1448 Christus
464 1409 535 1448 nullibi
547 1409 568 1448 in
577 1409 684 1461 Scripturis
694 1408 755 1448 sacris
765 1408 821 1448 Deus

48 1478 140 1517 expresse
151 1470 238 1503 vocatur.
266 1463 327 1514 Itesp.
336 1462 427 1502 Nullibi?
443 1464 519 1503 scilicet
531 1464 577 1516 qnia
587 1463 652 1504 omnia
662 1463 697 1502 illa
711 1463 821 1511 locaArte'-
837 1507 839 1511 ¹

47 1519 121 1558 monins
139 1520 173 1557 vel
186 1518 225 1557 alia
242 1518 324 1556 lectione
338 1518 371 1556 vel
390 1517 429 1556 alia
448 1518 609 1570 interpretatione
624 1523 714 1557 avertere
732 1522 819 1557 conatur.

47 1573 92 1624 lpse
105 1573 163 1624 plura
174 1573 231 1612 unius
240 1572 270 1610 rei
279 1571 389 1610 testimonia
398 1573 495 1623 postulari
506 1573 578 1612 debere
588 1577 648 1624 negat
659 1586 705 1624 pag.
714 1577 760 1615 225.
788 1572 825 1611 De*
862 1574 864 1578 '

48 1633 111 1666 cetero
125 1627 164 1666 vid.
176 1632 215 1665 not.
229 1626 254 1665 ad
262 1625 307 1665 Job.
316 1630 334 1673 1,
343 1631 362 1667 l.
391 1625 436 1678 Obj.
445 1627 473 1665 Π.
488 1627 510 1666 Si
517 1627 591 1667 Paulus
601 1627 679 1678 scripsit
688 1625 700 1667 o'
710 1626 747 1672 111,
756 1640 818 1678 prae·
858 1624 863 1628 ’

48 1681 123 1733 cipuam
138 1681 267 1732 praetermisit
274 1679 409 1720 israelitarum
422 1682 585 1733 praerogativam,
602 1681 654 1734 quod
661 1680 717 1719 Deus
728 1680 762 1718 ille
771 1679 818 1733 Ops,
862 1686 863 1689 ’

47 1735 101 1773 Max.
120 1735 197 1774 illorum
214 1734 346 1774 fueritDcns.
370 1734 431 1787 Rcsp.
459 1736 490 1774 In
501 1749 523 1775 co
537 1737 580 1787 ipso
595 1736 707 1774 constiterat
714 1735 788 1787 filiatio
801 1741 819 1774 et

46 1789 119 1841 pterea:
140 1802 188 1840 ergo
206 1802 244 1828 non
258 1788 394 1840 praetermisit.
417 1803 481 1840 neque
499 1803 586 1842 uuquam
600 1789 659 1836 illud,
680 1789 777 1829 Dominae
791 1796 819 1829 est

47 1843 102 1882 Dens
114 1845 204 1892 lsi-aeta,
219 1842 334 1895 exprimitur
346 1842 377 1882 his
392 1842 472 1890 verbis?
490 1845 550 1892 Taras,
565 1858 576 1883 o
590 1845 665 1891 least,
679 1850 708 1883 est
720 1845 775 1883 Deus
790 1845 819 1884 be·
837 1863 839 1866 >
864 1892 866 1895 v

46 1898 131 1936 nedictus
144 1899 164 1937 in
178 1900 247 1937 secata.
274 1896 348 1936 Iustat:
363 1897 427 1936 Etiam
440 1898 461 1936 in
469 1899 583 1947 foederibus
598 1898 708 1937 continetur
723 1897 819 1947 Christus,

47 1955 67 1988 et
84 1956 149 1990 tamen
167 1965 212 1990 mox
226 1951 298 1990 Christi
314 1963 427 2001 expressam
440 1951 516 1991 Paulus
534 1953 653 1992 mentionem
667 1952 724 1992 facit:
746 1958 819 2005 quanto

37 2005 109 2055 'magis
122 2006 184 2057 ipsius
193 2005 231 2043 Dei
240 2003 321 2043 Patris?
337 2004 398 2057 Resp.
410 2005 470 2044 Ratio
481 2006 548 2058 dispar
563 2012 598 2046 cst.
627 2005 701 2046 Onmes
714 2005 820 2060 praeroga-

47 2058 97 2096 tivas
110 2058 189 2097 Israelis
201 2058 276 2097 Paulus
295 2058 391 2110 (patribus
410 2060 473 2099 obiter
492 2074 536 2100 cnm
551 2061 628 2101 Cln'isto
644 2061 769 2114 conjunctis‚)
790 2075 819 2101 or·

48 2111 92 2149 diue
105 2112 198 2163 temporis
213 2117 354 2165 commemorat·
383 2113 453 2165 Itaque
464 2113 563 2155 Christum
577 2121 716 2156 commemorat
729 2122 752 2156 ut
766 2117 820 2156 exhi-

47 2165 118 2204 bitum:
135 2172 155 2205 at
170 2166 193 2205 de
202 2166 245 2205 Deo
259 2166 280 2205 id
293 2179 332 2205 non
345 2179 395 2219 opus
410 2174 452 2208 crat
466 2169 494 2208 ita
509 2172 661 2210 commemorari.
690 2171 753 2210 Porro
765 2171 820 2211 Chri·

47 2224 89 2258 stus
103 2220 226 2271 singulariter
240 2221 362 2272 propinquus
377 2228 419 2262 crat
433 2223 539 2264 Israelitis:
556 2225 610 2265 Deus
626 2231 690 2265 autem
705 2232 747 2265 erat
762 2227 820 2267 etiam

48 2274 134 2326 gentium
145 2274 205 2314 Deus.
222 2289 237 2314 o.
246 2281 264 2324 5,
272 2281 305 2318 29.
333 2275 403 2328 Neque
418 2282 483 2317 tamen
490 2278 561 2328 Deum,
576 2280 611 2319 sed
620 2279 719 2327 Christum
733 2275 820 2333 apertius

48 2328 177 2378 repudiabant
185 2328 264 2368 Judaei.
293 2329 361 2380 Quid?
377 2331 397 2370 in
410 2331 453 2384 ipso
467 2334 549 2373 nominis
558 2336 627 2383 111111,
642 2335 732 2387 adeoque
740 2336 820 2375 Israeli·
833 2362 836 2370 ι

48 2387 112 2422 tavare
126 2388 197 2436 etymo,
213 2384 265 2435 quod
279 2385 379 2436 apostolus
394 2392 475 2439 spectat,
490 2402 509 2426 v.
518 2391 537 2431 li.
546 2394 571 2437 6,,
586 2401 657 2428 nomen
669 2390 702 2437 Et,
716 2391 777 2439 Deos,
791 2390 819 2429 in·

48 2437 130 2476 venitur.
159 2437 204 2490 Obj.
215 2439 253 2477 ΠΙ.
268 2438 349 2479 Ρ111111
363 2440 419 2480 stilus
434 2441 532 2481 dissentit:
548 2443 587 2481 imo
599 2442 765 2496 Pseudoignatius
780 2457 820 2493 eos,

49 2490 83 2540 qui
96 2491 182 2532 dicerent
191 2492 260 2532 Jesnm
271 2493 338 2545 >ipsum
350 2501 392 2534 esse
407 2509 465 2548 super
476 2497 617 2547 omnia-Deum,
633 2498 718 2538 Satanae
727 2498 821 2547 ministris

49 2553 167 2586 annumerat.
194 2547 256 2600 Resp.
270 2547 315 2588 Hac
327 2549 395 2602 phrasi
404 2550 529 2592 Sabelliauos
543 2551 648 2606 descripsit
662 2554 768 2594 incautius:
784 2554 821 2595 sub

49 2610 98 2659 quos
108 2614 154 2641 mox
162 2601 294 2642 Artemonitas
303 2604 402 2653 incadem
413 2605 475 2646 classe
486 2607 547 2659 ponit.
576 2607 682 2661 Ceteroqui
694 2614 761 2661 patres
768 2604 820 2649 Pau-⁴

48 2651 107 2692 lmam
116 2655 140 2693 de
148 2656 225 2697 Christo
233 2657 314 2710 phrasin
324 2671 383 2712 saepe
393 2659 417 2699 de
425 2660 486 2701 Patre
499 2662 615 2703 adhibentes
626 2676 649 2703 eo
660 2664 703 2717 ipso
712 2664 753 2703 vim
762 2664 821 2716 phra-

49 2718 91 2746 seos
101 2711 238 2763 comprobant:
255 2716 275 2751 et
283 2712 447 2767 tamen'patribus
456 2722 544 2769 praestat
553 2718 658 2771 apostolus.
681 2717 775 2759 Pluribus
783 2719 821 2759 Ar·
886 2738 888 2741 ·

49 2763 153 2830 temompm
163 2766 238 2828 refellit
243 2766 328 2807 Wolfius
338 2769 359 2808 in
368 2769 413 2809 Vol.
422 2770 450 2810 Π.
460 2771 527 2812 Curar.
540 2773 567 2812 ad
575 2773 600 2812 N.
609 2772 632 2812 Τ.
644 2787 664 2825 p.
671 2777 719 2816 802.
728 2786 784 2827 seqq
793 2796 822 2805 -a

50 2828 195 2879 erinaceos,
215 2824 363 2876 superantes)
381 2824 442 2865 Pater
459 2828 528 2879 utiquc
546 2827 648 2880 excipitur.
671 2827 822 2877 tCor.15‚27.
849 2864 852 2877 ᾗ

51 2866 136 2931 Chrestas
149 2880 177 2913 est
190 2888 215 2914 ex
226 2877 327 2927 patribus,
345 2882 450 2920 secaadam
469 2896 556 2922 retineat:
576 2883 662 2933 idemque
676 2890 727 2931 eret,
747 2890 784 2933 est,
804 2891 823 2925 et

49 2933 70 2959 er
69 2929 85 2984 11
96 2939 155 2989 iudet
168 2943 241 2979 01111181,
262 2932 335 2984 quippe
350 2936 405 2974 Deos
419 2936 526 2977 benedicas
540 2938 561 2977 e'a
573 2939 648 2985 sescla,
668 2937 740 2977 Antea!
757 2938 821 2978 Enco-

49 2987 107 3040 mlnm
125 2982 177 3022 rdem
193 2983 259 3024 Patris
278 2991 298 3025 et
310 2988 365 3038 Filii,
387 2990 430 3029 coll.
446 2990 595 3040 2011111151.
624 2991 689 3042 Super
707 3005 781 3042 orizaes,
801 2995 822 3035 in

50 3033 142 3097 antitheto
157 3037 183 3077 acl
196 3052 221 3078 ea*
235 3041 308 3091 quibas,
324 3044 411 3084 ostendit
425 3051 445 3085 et
458 3042 589 3101 προῦπαρξιν
602 3044 675 3085 Christi
690 3053 735 3087 ante
749 3054 822 3101 patres,
836 3090 837 3093 ,

50 3095 159 3140 oppositam
174 3092 277 3136 descensui
296 3097 338 3152 ejus
358 3112 383 3140 cx
397 3100 486 3155 patribus
501 3100 607 3142 secundum
621 3114 710 3145 carnem:
730 3108 750 3147 ct
763 3102 823 3161 majc'·
