1922 3513
338 234 406 273 icon.
419 236 457 279 XV,
471 241 555 275 is—sa
793 241 829 274 raa

114 341 133 367 v.
141 332 173 371 15.
188 324 365 383 uevdopa'pcapae,
373 333 426 379 fulsi
433 331 495 385 testes)
508 331 554 370 Non
563 331 610 370 licet
620 330 735 381 praedicare
745 331 769 369 de
779 331 829 380 Deo,

61 382 113 436 quod
123 383 200 422 nonita
211 388 250 432 est3
265 384 342 423 tametsi
352 384 457 435 gloriosum
465 387 561 426 videatur.
583 385 639 424 Falsi
648 389 708 424 testes
717 390 762 424 sunt
770 399 789 424 v.
799 399 829 437 gr.

60 438 203 489 Negotiatores,
219 437 252 490 qui
266 443 357 489 quaestus
372 442 401 480 sui
416 455 474 480 causa
487 446 552 480 terrae
564 445 635 487 motus,
651 439 757 487 eluviones,
773 440 829 479 alios-

61 506 99 547 que
109 506 189 544 magnos
199 505 261 539 casus,
277 505 287 530 e
300 494 378 533 remotis
392 496 468 547 fingunt
480 496 533 542 locis,
550 495 664 545 animasque
679 494 778 545 ceteroqui
791 507 830 532 non

60 547 116 588 nimis
131 547 220 586 credulas
235 546 261 585 ad
275 548 400 599 cogitationes
415 556 434 589 et
446 549 583 590 collocutiones
595 548 619 587 de
631 548 711 601 judiciis
720 549 795 596 divinis,
810 550 830 587 in

60 602 111 643 thesi
124 601 195 650 bonas,
209 602 230 640 in
243 601 450 653 hypothesim-roncas
464 604 564 644 inducant.

114 669 133 695 v.
143 661 174 699 t?-
190 653 310 707 ripuariam,
321 659 413 712 pecccatis)
424 660 482 698 etiam
493 658 546 697 caeci
556 657 669 697 ethnicismi.
683 670 702 697 v.
710 659 742 700 54.
755 654 796 710 [spe
803 658 830 696 ui-

61 719 91 752 tae
105 717 194 750 aeternae
208 711 263 750 cassi.
290 710 316 750 V.
330 711 356 767 g.]

114 779 133 805 v.
142 770 174 809 18.
189 761 305 819 ianitoris,
317 766 427 820 perierunt)
435 769 525 816 ficerunt,
541 766 643 805 risillisurt
675 764 771 816 Loquitur
779 764 830 803 Pan-

60 822 91 861 lus
106 820 142 859 sub
159 819 276 859 conditione:
292 821 327 861 sub
343 835 366 860 ca
380 822 489 861 conditione
504 821 591 860 ethnicus
605 824 691 871 poterat,
706 819 831 861 resurrectio-

60 889 105 915 nem
119 887 203 926 negans,
222 878 306 915 mortuos
325 876 405 927 perinde
419 877 532 924 aestimare,
548 889 571 914 ac
590 875 607 914 si
624 887 724 926 nunquam
742 874 830 912 fuissent.

60 931 130 981 Neque
144 930 176 968 hic
190 942 238 981 opus
254 933 300 978 erat,
316 931 402 970 aPaulo
417 931 506 970 distincte
519 931 606 983 exprimi,
622 929 670 980 quid
684 929 714 977 sit,
730 929 751 968 ia
761 942 831 980 pecca-

61 987 84 1025 tis
98 998 143 1023 csse.
202 1000 205 1003 “

114 1052 134 1077 v.
143 1043 175 1080 te.
190 1039 214 1087 el,
229 1037 254 1091 si)
268 1037 372 1077 Praecedit
382 1040 434 1078 hunc
444 1052 522 1078 versum
534 1043 554 1078 et
564 1053 583 1078 v.
593 1043 624 1081 t8.
638 1037 746 1091 propositio
758 1050 830 1086 eorum,

62 1106 111 1147 quae
126 1097 233 1132 tractantur
247 1106 266 1130 v.
275 1098 306 1135 20.
314 1107 339 1132 ss.
367 1094 393 1133 Et
407 1094 515 1139 hooversu
530 1099 559 1131 est
573 1093 680 1145 propositio
692 1106 763 1141 eorum,
780 1105 830 1143 quae

61 1152 168 1188 tractantur
181 1161 200 1184 V·
209 1150 295 1190 29-54.
310 1173 336 1179 -
350 1144 378 1197 iv,
393 1148 423 1201 in)
436 1147 465 1196 ἐν,
481 1149 533 1199 quod
542 1150 613 1187 attinet.
628 1147 641 1185 i.
652 1161 668 1185 e.
684 1147 701 1186 si
710 1160 755 1199 spes
764 1151 831 1185 nostra

60 1205 81 1243 iu
94 1202 170 1241 Christo
184 1201 223 1240 fixa
236 1202 287 1239 intra
304 1202 362 1253 hujus
379 1199 444 1253 μόνον
462 1204 591 1241 tautummodo
605 1202 658 1239 vitae
671 1202 719 1239 fines
733 1206 775 1239 tota
788 1214 831 1238 ver-

61 1259 113 1297 titur.
127 1279 155 1285 -
170 1255 222 1309 ζωῇ,
242 1256 290 1309 rita)
308 1256 352 1294 Non
369 1256 426 1296 facile
444 1257 494 1295 hanc
511 1257 573 1295 vitam
585 1255 687 1306 Scriptura
700 1257 760 1294 uitam
775 1254 831 1304 dicit3

62 1311 150 1363 saepius,
166 1312 245 1358 αἰῶνα,
260 1314 348 1350 secutum.
367 1311 398 1349 hic
413 1310 483 1349 dicitnr
498 1307 543 1350 κατ’
558 1307 684 1360 ἄνθρωπον,
699 1310 729 1347 uti
742 1309 790 1347 Luc.
800 1314 832 1356 16,

63 1371 94 1410 25.
109 1387 136 1393 -
151 1361 260 1413 ἠλπικότες
274 1364 341 1415 ἐσμὲν,
355 1364 483 1417 speravimus)
499 1365 614 1403 credidimus
628 1376 672 1402 cnm
685 1363 738 1402 laeta
753 1376 832 1414 exspec-

61 1420 133 1460 tatione
143 1417 209 1457 futuri.
222 1440 249 1445 —-
263 1415 402 1471 ἐλεεινότεροι,
416 1418 572 1471 ηιίεεναῦἱίἱονρε)
587 1417 734 1469 Comparativus
744 1417 832 1469 proprie:

61 1488 106 1514 nam
120 1476 136 1514 si
151 1472 265 1523 superlativi
279 1474 317 1511 vim
328 1473 414 1521 haberet,
430 1473 523 1512 articulus
536 1472 669 1524 praecederet.
686 1473 833 1511 miserabiliores

61 1543 126 1568 sranius
140 1528 225 1567 circuibas
239 1527 355 1566 lectricibus:
375 1528 434 1575 ceteri
451 1528 536 1566 doctrines
550 1541 613 1566 ornnes
631 1540 667 1566 nec
681 1526 731 1566 falsa
745 1539 780 1578 spe
793 1526 833 1565 lac·

61 1589 131 1631 tantur,
147 1587 166 1620 et
180 1582 288 1633 praesentis
302 1582 354 1620 vitae
368 1581 452 1620 fructum
466 1582 528 1620 libere
541 1581 662 1633 pcrcipirmt3
677 1595 718 1629 nos,
734 1582 751 1620 si
762 1581 834 1619 mortni

60 1651 98 1676 non
111 1641 222 1687 resurgunt,
236 1636 287 1674 falsa
301 1649 335 1688 spe
349 1636 445 1675 lactamur
459 1636 534 1683 stolide,
551 1641 575 1684 et,
590 1648 626 1687 per
637 1636 787 1686 abnegationem
797 1648 831 1679 no:

61 1693 95 1731 stri
110 1698 129 1731 et
142 1690 215 1739 mundi,
232 1695 304 1728 certum
318 1691 427 1741 praesentis
441 1691 494 1729 vitae
507 1689 591 1728 fructum
601 1690 710 1737 amittimus,
726 1689 832 1740 dupliciter

60 1745 186 1785 miserabiles.
215 1743 260 1783 Jam
274 1757 325 1783 nnnc
340 1746 389 1784 beati
402 1749 446 1784 sunt
460 1744 573 1784 Christiani:
592 1743 679 1782 sednon
693 1744 713 1782 in
727 1744 750 1782 iis
764 1743 831 1791 rebus,

61 1800 131 1852 quibus
146 1799 205 1838 ceteri
213 1798 301 1838 homines
315 1804 432 1851 pascentem
449 1804 467 1838 et
475 1798 553 1838 sublata
567 1811 601 1849 spe
613 1798 692 1837 alterins
701 1797 760 1845 vitae,
775 1810 831 1849 prae-

60 1868 104 1894 sens
121 1853 196 1893 laetitia
213 1854 319 1904 spiritualis
337 1854 459 1892 imminuitu'.
488 1852 670 1895 Praesentissimum
688 1853 709 1890 in
722 1852 766 1891 Dec
785 1865 832 1903 gau-

61 1909 113 1947 dium
126 1908 200 1947 habent
213 1907 289 1954 fideles,
305 1913 324 1946 et
337 1907 381 1945 ideo
393 1908 435 1958 jam
449 1912 494 1946 sunt
507 1906 570 1945 beati:
591 1906 627 1945 sed
641 1907 710 1945 sinon
725 1912 755 1945 est
768 1919 832 1946 resur-

59 1963 130 2011 rectio,
149 1961 242 2013 gaudium
259 1961 309 1999 illud
327 1974 444 2012 magnopere
464 1961 583 1999 debilitatur.
612 1960 657 2000 Hoc
670 1966 789 2000 momentum
803 1967 833 2001 est

61 2018 152 2056 alterum:
168 2015 221 2066 prius
235 2020 351 2053 momentum
366 2020 404 2064 est,
419 2016 471 2067 qnod
484 2015 638 2054 Christianorum
650 2016 735 2055 beatitas
749 2029 789 2054 non
803 2021 833 2055 est

60 2072 97 2110 sita
110 2071 131 2109 in
143 2070 202 2108 rebus
216 2068 323 2108 mimdanis.
352 2069 441 2121 Utroque
455 2074 552 2108 momento
573 2070 696 2109 confirmatur
710 2070 793 2109 felicitas
808 2084 833 2109 ex

60 2138 95 2178 spe
108 2123 260 2163 resurrectionis.

112 2192 131 2218 v.
141 2183 172 2220 20.
186 2177 239 2225 ruri,
254 2177 314 2231 irruite)
328 2178 423 2217 Declarat
431 2178 512 2226 Paulus,
528 2191 568 2217 non
578 2191 621 2217 esse
632 2178 689 2218 mane
700 2179 832 2231 praeconium,

59 2246 97 2271 non
112 2245 154 2271 esse
168 2244 239 2269 vanam
253 2231 321 2271 fidem:
342 2231 415 2272 abolita
434 2246 477 2272 esse
491 2238 583 2284 peccata:
603 2246 642 2272 non
660 2246 702 2272 esse
719 2234 794 2282 nullos,
813 2235 834 2272 in

61 2287 137 2326 Christo
155 2285 266 2324 defimctos:
285 2300 324 2325 non
341 2287 379 2326 hae
396 2288 437 2327 vita
451 2287 550 2326 terminari
564 2301 619 2339 spem
632 2288 791 2329 Christianorum.
806 2310 834 2317 -

61 2336 154 2394 οἷπαρχή,
164 2339 271 2392 primitiae)
281 2341 328 2385 scil.
344 2338 398 2382 οὖσα
412 2342 445 2381 vel
459 2339 494 2382 air.
522 2343 657 2382 Primitiarum
669 2344 741 2381 mentio
753 2344 833 2394 egregie

57 2395 151 2447 ¹,convenit
169 2395 253 2446 tempori
271 2396 369 2446 paschali,
394 2410 432 2448 quo
450 2401 538 2447 tempore
552 2397 644 2448 scriptam
661 2397 712 2435 hano
731 2396 833 2448 epistolam

61 2449 119 2500 paulo
134 2449 223 2500 superius
237 2451 356 2489 notavimus:
372 2451 430 2490 immo
445 2451 483 2502 ipsi
497 2450 536 2488 diei
549 2451 695 2491 resurrectionis
706 2450 784 2500 Christi,
800 2452 834 2503 qni

61 2504 107 2541 item
121 2508 163 2542 erat
176 2504 270 2555 postridie
284 2505 367 2544 sabbati.
382 2506 430 2545 Lev.
439 2512 471 2554 aa,
480 2510 512 2548 to.
521 2511 553 2547 ll·
575 2527 577 2529 ·

114 2571 134 2596 v.
143 2563 174 2600 at.
190 2558 233 2610 nni)
248 2559 304 2598 etiam
315 2557 386 2610 {aridii
397 2557 446 2615 peip,
460 2560 553 2612 siquidem
563 2559 612 2598 enim
622 2558 655 2598 hic
664 2559 724 2598 habet
733 2559 833 2612 apodosin.

115 2625 134 2650 v.
143 2618 175 2654 22.
190 2608 267 2659 πάντες
282 2608 452 2664 dnodoiioaeoiu,
467 2629 531 2654 orrines
541 2613 658 2667 iiioriuntur)
673 2616 790 2662 Moriuntur,
806 2614 834 2653 iu-

63 2665 113 2715 quit,
127 2680 167 2704 non
180 2666 201 2703 in'
209 2669 330 2718 praeterito,
346 2669 375 2706 uti
388 2684 407 2708 v.
421 2684 451 2722 gr.
464 2670 522 2708 Rom.
531 2674 549 2717 5,
558 2675 590 2712 17.
599 2674 631 2711 22.
646 2669 682 2707 scd
695 2670 715 2707 in
728 2670 833 2721 praesenti,

63 2732 100 2769 quo
115 2721 200 2772 apertius
214 2722 235 2769 in
249 2722 343 2761 antitheto
357 2720 449 2776 lorpnatur
463 2726 487 2764 de
498 2724 639 2763 resurrectione
650 2724 753 2762 etiamnum
761 2723 833 2762 futura.

62 2772 88 2812 Et
99 2773 150 2823 dicit,
166 2788 235 2814 estraes.
263 2777 374 2817 Moriuntur
382 2780 403 2818 in
412 2779 489 2819 Adamo
500 2779 585 2818 maxime
599 2778 663 2829 impii5
678 2777 713 2816 sed
721 2776 796 2817 Paulus
805 2778 834 2818 lo·

2 2837 3 2840 ’
64 2827 128 2878 quitur
142 2830 174 2868 hic
187 2829 211 2868 de
222 2830 265 2881 piis,
282 2844 364 2884 quorum
379 2830 466 2889 dnuppii
475 2834 575 2887 primitiae
585 2832 672 2871 Christus
685 2837 724 2871 est:
741 2838 800 2884 atque
814 2834 835 2872 hi

62 2886 84 2919 ut
97 2882 117 2920 in
129 2883 206 2923 Adamo
221 2898 288 2925 omnes
302 2888 416 2938 moriuntur,
432 2891 460 2928 sic
474 2889 532 2928 etiam
546 2889 566 2927 in
577 2887 653 2926 christo
668 2899 733 2926 omnes
748 2887 844 2926 vivifica.

63 2934 140 2997 bimtur.
170 2937 271 2999 Scriptura
285 2941 397 2993 ubicunque
410 2958 453 2983 oum
467 2943 557 2983 fidelibus
571 2943 617 2994 agii,
633 2942 657 2980 de
670 2942 757 2994 ipsorum
770 2954 835 2981 resur-

63 2994 149 3051 rectione
164 2995 205 3043 agit
216 2993 319 3045 primario;
336 2998 424 3038 lThess.
433 3002 451 3046 li,
461 3005 492 3042 15.
501 3012 516 3038 s.
532 2998 556 3037 de
570 2996 672 3048 impiorum
685 2997 835 3046 resurrectione,

5 3049 7 3076 3
64 3044 176 3084 mordenter.
190 3067 217 3073 -
232 3046 253 3109 ξν
267 3051 297 3101 τῷ
311 3053 385 3105 χριςῷ,
399 3055 420 3092 in
431 3053 515 3107 Christo)
529 3052 573 3091 Hoc
583 3050 683 3103 emphasin
697 3051 758 3091 habet
768 3052 788 3090 in
798 3052 835 3091 hoc

65 3105 163 3139 commate.
192 3099 259 3161 Posrta
273 3107 415 3147 resurrectione
429 3108 511 3157 Christi,
529 3107 607 3160 ponitur
625 3106 710 3145 omnium
723 3106 835 3147 vivificatio.
