1922 3513
38 275 40 280 .
93 292 95 295 .
131 239 154 276 aa
415 234 616 277 uou.xru‚r-11.

130 328 202 383 τιμήν,
216 333 311 383 timorem,-
325 330 424 386 bonorem)
439 332 535 371 animost
551 329 615 370 verbis
630 326 762 382 gestibusque.
777 320 855 380 φόβος,
869 340 899 368 νε·

130 393 193 440 spect,
206 387 269 441 major
283 390 360 429 horroris
377 387 455 440 gradus.

186 456 206 482 v.
221 450 241 488 8.
255 445 339 496 μηδενὶ,
358 442 437 496 neaniai)
454 441 487 481 Ab
503 441 568 481 officiis
586 453 633 492 erga
646 437 771 490 magistratus
789 436 859 476 transit
873 436 900 477 ad

132 498 196 538 officia
211 499 316 551 generalia,
331 504 403 547 acutae.
417 518 445 525 —
459 494 560 547 ὀφείλετε,
574 494 645 548 debete)
658 492 730 544 Incipit
743 506 794 531 nova
805 505 851 545 pars
867 492 900 532 ad·

131 553 253 592 hortationis.
268 577 295 583 —
309 551 403 606 cipando,
418 550 494 603 errrore)
506 550 599 589 Debitum
613 548 727 587 immortale.
743 547 798 586 Cant.
813 553 832 595 8,
842 552 860 589 7.
867 547 899 586 fin.

132 607 156 655 Si
169 607 269 655 amabitis,
283 606 311 646 nil
325 606 427 646 debebitis.
445 618 490 643 nam
505 618 557 643 amor
571 604 639 655 impiet
651 603 722 654 legem.
749 602 829 650 Amare,
841 600 900 640 liber-

131 667 162 702 tas
177 666 212 701 est.

134 750 136 753 .
186 729 206 755 v.
220 721 239 757 9.
254 711 265 755 ei
279 708 404 766 μοιχεύσεις,
418 727 458 752 noa
471 713 572 752 committes
583 710 706 765 udcettcrima)
720 709 795 749 Paulus
809 709 900 748 liberiore

132 770 201 811 ordine
214 773 320 821 praecepta
333 772 427 807 recenset.
445 789 473 796 —
493 763 504 806 ri
519 761 738 820 ψευδομαρτυρήσεις)
754 764 798 803 Hoc
812 778 824 803 a
837 763 900 803 Paulo

131 824 238 877 repositum
252 834 301 869 csse,
317 834 353 872 ego
362 835 401 859 non
411 819 531 860 arbitrabar:
547 820 652 858 arbitratur
662 822 733 866 autem,
744 820 846 858 tractantem
857 831 900 858 con-

131 878 180 917 ferri
188 882 275 928 oportere
284 874 377 923 scribens,
392 874 428 914 cel.
437 874 606 925 Baaraporterricm.
621 873 667 912 Vid.
675 872 728 924 App.
742 874 784 912 crit.
793 874 830 912 Ed.
838 873 865 912 Π.
876 872 901 912 ad

131 932 151 972 h.
164 932 177 970 l.
188 931 215 981 ⁷⁶).
233 951 261 958 -
278 931 341 975 εἴτις
355 927 426 981 trapa,
440 929 458 967 si
471 929 523 979 quod
535 926 598 979 attera)
612 941 631 966 v.
647 940 676 978 gr.
691 929 765 967 horrore
776 935 859 979 putrem.
873 950 901 955 -

131 982 214 1036 ἐντολή)
229 978 309 1031 a'rrotri,
321 989 452 1035 praeceptam,
467 995 522 1034 pars:
539 978 610 1034 νόμος,
622 985 660 1030 lex,
674 986 741 1021 totum.
750 978 848 1035 ῌλόγῳ,
861 996 902 1022 ser-

130 1038 195 1092 mone)
208 1038 275 1085 brevi,
289 1036 348 1076 facili.
362 1058 390 1065 -—
407 1034 601 1087 transmittatur)
616 1038 724 1076 stiriensium
738 1037 854 1084 coretinetur,·
867 1038 901 1085 ita,

132 1098 155 1133 ut
169 1092 245 1132 etiamsi
259 1092 283 1130 de
297 1092 408 1144 praeceptis
422 1090 540 1142 specialibus
554 1103 593 1129 non
603 1092 682 1142 cogites,
696 1096 761 1146 tamen
769 1091 797 1129 nil
812 1091 902 1143 cuiquam

133 1160 200 1187 eorum
214 1145 331 1186 contrarium
346 1147 462 1193 committas,
477 1157 542 1183 amore
553 1145 660 1197 praeditus.
680 1145 841 1197 contempletur,
856 1145 901 1185 Gal.

132 1207 153 1252 5,
167 1205 200 1246 11.
213 1201 266 1249 item,
277 1202 354 1252 pendet,
368 1200 440 1240 Matth.
452 1205 484 1248 22,
499 1202 531 1242 [ιθ.
543 1222 571 1228 —
581 1194 608 1246 uie
623 1197 726 1252 occardo.)
742 1199 775 1240 Sic
782 1200 902 1240 Seidetiaaue

134 1271 178 1297 cum
192 1256 241 1295 aliis.
269 1255 322 1303 Alii,
336 1252 364 1300 uie
377 1252 459 1295 ἑαυτόν.
484 1253 605 1306 approbante
624 1254 659 1293 cel.
673 1256 831 1307 Buampcrtenio.
858 1255 902 1307 Ego

134 1312 198 1363 sigma
212 1323 273 1349 unum
285 1323 322 1361 pro
337 1309 413 1348 duobus
425 1309 519 1360 scriptum
529 1322 647 1347 censueram.
676 1309 715 1359 Qui
727 1322 800 1348 morem
814 1308 902 1349 librario-

133 1380 177 1406 rum
187 1369 264 1412 norunt,
278 1364 336 1403 facile
348 1363 483 1403 assentientur.
498 1363 595 1414 Exempla
605 1363 651 1402 dedi
664 1362 684 1401 in
693 1363 768 1415 Appar.
778 1363 819 1402 crit.
828 1377 848 1415 p.
856 1369 902 1408 385.

187 1433 207 1458 v.
222 1424 254 1462 10.
269 1414 335 1459 aazia
348 1416 382 1467 ἐκ,
396 1420 468 1457 titulum
481 1417 529 1471 recta)
543 1417 641 1469 Pleraque
655 1422 719 1456 autem
733 1418 797 1457 officia
809 1419 830 1458 in
842 1433 902 1471 nega-

133 1474 174 1514 tivo
189 1473 305 1520 consistunt,
325 1477 358 1512 aut
372 1478 435 1521 certe,
453 1471 488 1511 ubi
501 1485 557 1510 nemo
571 1472 665 1520 laeditur,
685 1472 747 1511 officia
765 1473 849 1524 positiva
867 1487 903 1513 sua

134 1533 204 1581 sponte
219 1532 243 1567 et·
252 1541 296 1567 cum
310 1527 411 1577 voluptate
424 1532 550 1577 peraguntur.
578 1526 618 1566 Ubi
632 1539 691 1565 verus
706 1532 735 1566 cst
749 1541 809 1576 amor,
823 1527 851 1567 ibi
863 1542 903 1568 uon

134 1582 259 1622 committitur
274 1580 400 1629 adulterium,
414 1580 495 1628 furtum,
505 1581 636 1629 mendacium,
652 1581 754 1632 cupiditas.
769 1595 788 1620 v.
804 1588 822 1625 9.
834 1582 868 1634 ii)

187 1650 207 1675 v.
222 1641 254 1679 11.
268 1635 305 1676 καὶ
318 1635 376 1684 tezo,
391 1641 409 1674 et
421 1635 465 1689 hoc)
479 1648 505 1674 sc.
521 1636 579 1686 agite,
588 1648 622 1683 ca,
638 1648 708 1686 quaca
721 1641 827 1683 c.12,1.s.
841 1636 902 1676 maxi-

132 1703 203 1744 meque
222 1704 239 1730 a.
255 1703 270 1728 c.
286 1695 321 1736 15,
336 1695 355 1732 8.
371 1694 454 1728 exstant.
473 1711 500 1716 -
518 1687 604 1742 acepit«)
622 1696 704 1741 teuqrus,
724 1691 799 1742 gratiae
817 1692 902 1744 plenum.

133 1760 149 1785 c.
160 1751 178 1793 5,
188 1751 207 1788 6.
222 1751 240 1791 5,
249 1750 281 1786 26·
297 1742 361 1785 20or.
370 1749 389 1792 ὅ,
398 1751 416 1786 2.
431 1767 458 1774 —-
472 1741 524 1795 ὥρα,
538 1744 596 1797 liora)
611 1757 638 1783 sc.
654 1750 686 1783 est.
713 1745 796 1784 Arctum
810 1747 902 1797 temporis

133 1799 218 1852 spatium
233 1798 304 1837 definit.
327 1798 450 1840 boccarieto
464 1798 548 1838 habetur
563 1799 589 1837 ad
606 1798 731 1849 surgendum.
745 1821 773 1827 -
786 1799 837 1849 ἤδη,
849 1799 903 1853 jera)

133 1855 175 1894 sine
185 1866 245 1892 mora.
255 1866 306 1899 mox,
321 1854 366 1900 νῦν,
378 1853 398 1891 ia
409 1853 514 1904 procreati.
524 1862 553 1880 -‘
563 1850 583 1900 ἔξ
594 1849 655 1902 dnae,
669 1867 694 1892 eoo
705 1853 779 1908 soracte)
789 1854 903 1903 Dilrrccscit,

134 1921 195 1960 quum
207 1908 265 1946 homo
277 1906 336 1945 tidem
351 1907 431 1958 accipit:
447 1913 467 1947 et
479 1912 521 1946 turn
534 1920 612 1945 somnus
622 1906 679 1946 cedit.
701 1907 826 1960 Surgendum
837 1910 903 1961 igitur,

134 1961 279 2009 ambulandum,
294 1974 343 2012 opus
351 1961 467 2010 faciendum,
481 1975 506 2000 ne
514 1975 592 2001 somnus
603 1961 673 2001 iterum
684 1963 772 2013 obrepat.
793 1964 903 2003 Paraclesis

135 2016 250 2068 evangelica
263 2028 340 2066 semper
349 2015 418 2055 PLUS
431 2015 526 2055 ULTRA
536 2016 608 2054 tendit:
623 2021 643 2055 et
655 2019 764 2068 praesentis
775 2023 837 2057 status
848 2022 904 2057 vc'tu-

134 2077 205 2111 statem
218 2070 358 2123 praesupponit
372 2070 392 2107 in
406 2071 551 2122 comparatione
565 2071 591 2109 ad
600 2083 628 2118 ea,
644 2084 694 2122 quae
708 2072 764 2122 sequi
779 2072 856 2121 debent,
870 2085 904 2112 nc-

133 2127 195 2175 viora,
211 2124 284 2164 Salutis
298 2124 439 2176 propinquitati
452 2124 595 2176 respondentia.
606 2146 633 2151 —
647 2122 715 2178 ἡμῶν)
731 2126 806 2167 Consu.
815 2141 858 2167 cum
869 2128 904 2180 ἔγ-

134 2177 179 2234 yde,
194 2179 247 2231 quod
257 2178 365 2218 continetur·
374 2179 394 2216 in
403 2174 521 2231 e’yyo'repoa
535 2179 599 2229 potius
612 2193 670 2230 quarn
681 2194 724 2219 cum
739 2183 837 2234 σωτηρία.
851 2195 904 2220 nam-

135 2248 174 2287 que
188 2247 266 2286 semper
280 2232 328 2272 alias
343 2238 377 2272 aut
390 2235 443 2272 solers
452 2234 492 2271 Dei
506 2233 581 2281 dicitur,
596 2239 630 2271 aut
640 2237 693 2272 salus
709 2235 804 2284 absolute,
820 2249 904 2276 nonsa-

135 2292 165 2329 los
178 2295 251 2328 nostra.
267 2287 316 2326 conf.
333 2287 357 2326 de
371 2287 408 2326 hac
418 2288 565 2339 propinquitate
578 2288 651 2336 satoris,
665 2286 709 2326 Gal.
717 2295 735 2335 5,
746 2295 764 2331 5.
781 2294 799 2337 5,
808 2296 825 2332 7.
847 2290 904 2330 Utro-

134 2357 173 2396 que
186 2344 230 2383 loco
244 2343 336 2395 supponit
350 2342 456 2394 apostolus,
472 2355 549 2381 cursum
562 2341 667 2380 Christiani
681 2342 741 2381 semel
756 2349 846 2396 coeptum
860 2345 904 2384 sub-

134 2400 180 2439 inde
199 2397 282 2450 amplius
299 2397 392 2448 progredi
410 2401 429 2434 ct
449 2397 529 2448 propius
547 2396 573 2435 ad
591 2401 662 2435 metam
683 2398 792 2449 pervenire.
824 2398 905 2438 Pridem

135 2454 241 2504 scripserat
247 2451 321 2490 Paulus
330 2452 356 2490 ad
362 2451 546 2491 Thessalonicenses
554 2456 657 2503 utramque
668 2452 774 2503 epistolam.
791 2466 836 2505 ergo
845 2467 905 2505 quum

135 2508 161 2546 de
171 2506 318 2559 propinquitate
327 2506 395 2545 salutis
405 2506 488 2557 scripsit,
501 2506 623 2545 considerate
633 2506 716 2558 scripsit.
733 2507 781 2546 conf.
792 2508 904 2557 1Thess.1,

136 2567 168 2606 15.
178 2566 218 2600 not.
234 2559 333 2599 Observa:
346 2560 393 2598 alibi
404 2559 456 2607 dicit,
470 2573 505 2599 nos
517 2560 576 2600 saluti
588 2574 631 2601 esse
642 2562 769 2614 propinquos,
781 2562 842 2602 Hebr.
853 2570 871 2612 fi,
879 2570 904 2611 9.,

135 2623 156 2656 at
169 2616 207 2664 hic,
221 2614 314 2662 salutem,
329 2619 422 2665 tanquam
438 2614 498 2663 diem,
512 2615 568 2654 nobis
583 2629 625 2654 csse
639 2617 773 2668 propinquam.
802 2617 841 2669 Qui
853 2618 905 2658 benc

135 2671 205 2723 coepit,
218 2682 257 2709 non
267 2668 327 2708 debet
336 2668 419 2707 deficere
427 2681 488 2721 prope
497 2673 574 2718 metam,
588 2671 624 2709 sed
634 2671 733 2722 proficere.
741 2668 787 2720 -ἦ
800 2673 904 2726 σωτηρία)

115 2772 116 2775 ¹
135 2727 200 2774 Suras,
214 2723 421 2765 in'adventnDomini
431 2725 586 2772 consummanda,
596 2738 646 2775 quae
660 2731 689 2764 cst
698 2730 751 2764 meta
760 2726 808 2777 spei,
816 2740 833 2765 c.
840 2732 859 2776 8,
866 2731 905 2775 21,

135 2786 156 2819 et
169 2780 211 2819 {inis
225 2779 276 2827 fidei,
293 2777 366 2822 1Pctr.
379 2784 396 2826 1,
406 2783 425 2821 9.
453 2777 527 2816 Mento
541 2780 608 2818 solatis
622 2780 716 2831 repetitur
731 2792 813 2832 ex‘cap.
824 2786 842 2824 5.
858 2787 877 2820 ct
886 2786 905 2824 8.

163 2923 181 2968 ὃς)
193 2923 252 2957 Habet
263 2921 337 2956 incisura
346 2921 396 2954 Vcrs.
409 2932 469 2964 germ,
482 2920 574 2955 meritoriae
580 2920 641 2965 potine
653 2920 709 2965 tapsar,
722 2922 787 2966 opinior,
800 2935 853 2968 quam
865 2924 906 2958 crisi

194 2977 267 3005 eiurata.
290 2970 311 3003 E.
323 2971 344 3003 B.

153 3018 182 3065 aa)
195 3015 226 3061 ἔν,
238 3018 298 3064 ipitur]
311 3018 365 3052 Amor
377 3029 408 3062 per
420 3028 439 3051 sc
451 3028 487 3051 non
500 3017 615 3061 extinguitur:
629 3018 720 3053 enimuero
733 3019 778 3053 bene
792 3031 854 3065 agere,
870 3021 906 3054 nisi

195 3069 241 3102 malo
254 3069 313 3112 aliquo
325 3077 411 3101 remoram
422 3068 507 3112 patiatur,
524 3077 613 3110 nunquam
626 3071 688 3102 cessat.
712 3068 761 3103 Hinc
773 3080 796 3102 cx
807 3069 850 3104 mali
862 3070 905 3115 fuga

141 3150 143 3153 ,
196 3117 398 3163 'pletiolegis,quae
411 3116 604 3159 etbonurnoontinet,
617 3115 710 3152 derivatur.
739 3117 787 3163 V.y.
829 3160 831 3162 v
