1922 3513
380 206 557 250 aemma-a.
662 198 664 208 '
761 209 764 213 ·
833 210 855 252 aa

84 313 110 353 V.
117 311 144 367 g.]
152 330 180 339 -ν
193 308 215 349 ἐν
229 308 260 361 τῷ
274 304 386 360 κρίνεσθαί
399 303 432 354 σε)
441 302 504 342 Hebr.
512 308 595 359 anon:-
617 299 679 340 Simul
688 300 744 340 Deus
759 305 779 341 et
789 299 857 353 aalma

85 372 104 407 et
117 365 216 419 κρίνεται.
243 362 353 415 Κρίνεταο,
367 358 432 398 media
446 356 598 408 significatione,
613 355 693 408 qualem
705 355 779 395 habere
793 355 857 403 solent

84 420 145 461 verba
159 416 250 457 certandi.
265 415 380 469 κρίνονται,
394 412 430 463 qui·
441 412 516 463 injure
531 409 647 463 disceptant.
660 409 729 458 LXX,
743 410 815 456 Eslffi,
824 416 856 454 26.

84 473 130 517 Jud.
145 476 164 521 lt,
178 475 197 514 5.
211 470 253 509 Jer.
268 474 300 517 25,
312 472 347 510 51.
375 466 494 519 Exemplum
509 464 569 505 Mich.
585 471 604 513 6,
616 472 634 508 2.
648 478 664 504 s.
678 478 715 504 nec
729 477 769 504 non
783 463 856 507 tSam.

85 536 116 577 12,
132 533 150 571 7.
178 523 285 564 Ineffabilis
303 521 425 574 benignitas,
446 534 485 573 qua
499 520 554 559 Dens
575 519 601 559 ad
617 519 715 559 hominem
734 518 858 571 disceptandi

85 595 144 623 causa
158 578 265 618 deseendit.

137 649 157 674 v.
171 638 190 676 5.
205 635 223 674 εἰ
237 633 270 680 δὲ,
284 631 302 671 si
314 629 368 684 aero)
382 629 439 669 Nova
453 629 503 669 haec
516 628 610 668 instantia
623 641 659 681 per
673 627 778 668 Judaicam
791 640 857 680 perso·

84 703 129 731 nam
143 688 218 727 elicitur
233 699 258 724 ex
271 685 333 725 verbo
341 686 458 737 jastpiceris.
473 697 491 723 v.
505 697 572 735 praec.
588 704 615 711 -—
631 678 644 731 ἡ
659 679 740 730 ἀδικία,
754 682 857 736 injustitia)

83 754 135 795 ,quae
153 740 278 780 committitur
296 751 332 791 per
351 739 485 791 iapidelitatem.
503 758 531 765 -
540 737 575 797 θτί
592 735 690 799 ἐροίμενῆ
701 736 749 789 qaid
766 737 857 788 alconus)

0 801 6 849 ζ
86 796 176 838 Ostendit
184 794 265 841 Paulus,
279 794 316 833 hoc
326 794 456 844 procedebam
467 805 506 831 non
516 790 601 839 obstare,
617 803 656 841 qno
665 789 810 829 mmusJudaei
821 790 858 830 sub

84 854 166 905 peccato
180 848 224 900 sint.
239 843 294 889 -a‘
309 846 424 901 ἐπιφέρων)
442 848 528 896 infir-cas
546 846 605 893 iram,
624 844 748 908 inJudaeos
767 846 857 909 nfideles.

84 905 184 946 Articulus
198 904 238 942 vim
250 903 316 942 habet.
344 902 381 941 Est
395 902 465 941 allusio
479 901 506 941 ad
518 901 552 940 Ps.
568 906 586 949 7,,
600 905 632 943 la.
647 915 657 940 ο
673 895 725 946 θείς
738 914 813 955 κριτος
828 899 859 940 δί-

84 973 154 1007 καιος,
173 959 209 999 καί
221 953 251 1009 μή
267 954 301 1011 (Bra
315 969 351 1007 pro
365 953 406 1008 brt)
420 951 505 1008 ἐποίκων
525 952 660 1009 o'pyu'aaad’
673 949 753 1003 ἑκοίςην
772 950 859 1008 ἡμέραν,

83 1044 110 1060 ,-
124 1014 181 1060 κατοί
195 1015 323 1068 ἄνθρωπον,
337 1018 440 1056 sacrandam
454 1015 556 1067 ίιοονίοοον)
574 1015 639 1054 Homo
657 1014 770 1054 humanitus
789 1018 859 1066 posset

85 1074 113 1113 sic
126 1073 221 1126 cogitare:
236 1071 283 1109 Mea
292 1070 407 1121 improbitas
421 1070 520 1109 subservit
532 1069 702 1121 gloucestriae,
716 1081 799 1121 eamque
814 1068 837 1108 ill
851 1091 858 1098 -

85 1131 145 1175 strat,
158 1130 181 1165 ut
195 1124 289 1164 tenebrae
302 1124 376 1162 lucem:
392 1136 438 1175 ergo
452 1137 491 1162 non
505 1136 548 1162 sum
561 1122 678 1175 puniendus.
838 1159 852 1172 ,-

138 1194 157 1219 v.
172 1184 192 1221 fi.
206 1178 263 1226 Sari,
278 1177 359 1231 alioqui)
379 1177 525 1228 Consequentia
538 1177 622 1216 nectitur
637 1176 731 1215 aminori
745 1177 772 1216 ad
788 1178 858 1229 majus,

85 1233 140 1273 utin
154 1232 247 1284 capaticis
260 1230 302 1270 fieri
317 1231 386 1270 debet:
402 1230 424 1270 si
432 1231 487 1271 Deus
501 1231 573 1283 injuste
588 1235 662 1281 ageret,
676 1230 762 1270 inferens
775 1229 826 1270 iram
839 1231 859 1270 in

85 1287 183 1329 Judaeum
196 1286 268 1337 injuste
279 1290 380 1337 agentem:
396 1286 450 1338 quod
461 1285 503 1337 jam
520 1291 549 1324 est
563 1284 671 1324 absurdum
680 1284 745 1323 dictu:
760 1298 807 1324 sane
820 1297 860 1324 non
905 1286 908 1288 ’

85 1346 152 1395 posset
164 1339 277 1379 universum
288 1340 382 1379 mundum
393 1340 489 1391 judicare.
512 1340 632 1388 Affirraative
641 1338 670 1377 sie
678 1338 806 1391 procederet:
821 1339 860 1390 Qui

84 1396 196 1438 universnm
210 1393 304 1433 mundum
318 1393 386 1446 (juste)
398 1393 481 1445 judicat,
494 1393 512 1433 is
523 1407 571 1433 sane
582 1393 641 1432 etiam
655 1393 675 1431 in
689 1394 726 1432 hoo
740 1394 797 1433 unico
812 1407 860 1446 casn

82 1452 136 1504 juste
148 1448 251 1501 judicabit.
280 1448 373 1496 Vicissim
382 1462 394 1487 a
408 1448 478 1501 majori
488 1448 515 1487 ad
526 1449 590 1488 minus
599 1447 728 1496 concluditur,
741 1447 805 1491 1601·Ι
814 1454 832 1497 6,
841 1454 859 1492 2.

86 1527 113 1533 -
126 1500 161 1546 cdv
176 1498 263 1554 κόσμον,
277 1503 378 1558 antaradum)
392 1503 444 1542 Nam
458 1503 517 1548 etiam
528 1504 588 1542 totins
601 1502 679 1551 mundi,
694 1501 785 1557 (Judaeis
800 1516 860 1556 oppo-
912 1527 914 1531 ·

85 1559 123 1606 siti,
138 1572 154 1597 o.
170 1562 201 1604 ll,
216 1556 257 1609 12.)
271 1558 366 1608 injustitia
380 1559 499 1597 continendae
510 1559 607 1608 justitiam
620 1558 671 1597 Dei:
689 1562 709 1597 et
721 1557 777 1598 Dens
794 1563 860 1597 tamen

86 1619 148 1653 totum
160 1611 254 1650 mnndum
267 1611 361 1664 injustum
371 1611 458 1663 judicat,
472 1612 533 1663 idque
544 1613 604 1664 juste.
624 1610 673 1651 Gen.
690 1617 722 1659 18,
737 1616 769 1656 25.
797 1611 859 1652 Immo

85 1668 161 1718 inipso
172 1665 247 1717 judicio
262 1667 346 1705 humana
360 1666 455 1717 irrjrrstitia
470 1667 556 1705 divinam
567 1667 664 1719 Justitiam
673 1666 759 1705 manime
772 1665 859 1706 illustra·

85 1722 120 1761 bit.
148 1719 248 1766 Justiriam
263 1720 323 1760 divini
334 1720 405 1772 judicii
418 1721 439 1760 in
448 1721 542 1760 mundum
556 1721 645 1773 agnoseit
656 1720 756 1761 Judaeus:
772 1721 859 1761 ostendit

86 1780 151 1815 autem
157 1774 238 1822 Paulus,
253 1775 335 1815 eandem
344 1788 386 1814 esse
394 1776 490 1814 rationem
495 1775 567 1827 judicii
574 1776 595 1814 in
602 1774 690 1814 Judaeos
699 1788 739 1813 non
749 1776 858 1816 credentes.

139 1843 158 1868 v.
174 1833 196 1871 7.'
206 1831 226 1870 εἰ
239 1825 288 1883 yoip,
302 1830 320 1869 a·
333 1829 392 1883 entia)
405 1830 527 1881 Aetiologia‚
541 1843 577 1882 per
592 1829 775 1869 sermocinationem
787 1843 858 1883 propo·

86 1884 129 1932 sita,
144 1882 170 1922 ad
181 1883 332 1922 confirmandam
345 1884 474 1935 objectionem
487 1883 542 1929 initio
557 1898 577 1923 v.
592 1887 611 1927 5.
626 1883 733 1924 inductam.
747 1906 774 1914 —
790 1882 860 1938 ψεύσ-

85 1953 143 1991 ματι,
157 1938 265 1991 meadacio)
280 1938 335 1989 Quae
349 1938 404 1978 Deus
421 1938 479 1987 dicit,
492 1951 541 1977 vera
555 1943 610 1979 sunt:
625 1939 675 1977 haec
690 1938 724 1990 qui
738 1952 777 1979 non
791 1939 859 1988 credit,

85 1992 199 2032 mendacem
212 1992 258 2032 facit
266 1992 337 2041 Deum,
351 1993 394 2045 ipse
408 1993 499 2033 mendax.
511 2014 539 2020 -
551 1994 581 2047 τί)
596 1993 608 2031 i.
619 2006 636 2032 e.
651 1994 700 2045 qaia
712 1993 818 2033 etiamnum
828 2007 860 2034 me

85 2060 158 2100 purgo,
174 2047 230 2097 quasi
242 2047 335 2096 habeam,
350 2061 384 2087 cur
398 2046 492 2087 timeam?
509 2047 560 2087 conf.
576 2047 597 2088 τί
610 2045 651 2101 iil,
661 2061 713 2100 cap.
728 2054 751 2097 9,
766 2054 799 2093 19.
814 2048 859 2089 Gal.

86 2107 104 2150 5,
113 2107 144 2144 ll.
152 2123 178 2129 —
187 2099 258 2154 adyti)
272 2116 306 2154 eqo
320 2115 400 2153 qaoque,
415 2102 528 2142 cuiveritas
536 2101 576 2141 Dei
589 2102 679 2141 revelata
693 2107 733 2153 est3
747 2117 787 2143 non
800 2103 859 2143 modo

87 2155 163 2194 ethnici.
177 2176 206 2182 -
219 2155 327 2208 κρίνομαι)
342 2157 403 2208 Resp.
417 2155 536 2212 κρίνεσθαι.
550 2171 570 2196 v.
583 2160 602 2200 lr-
614 2162 633 2200 5.
647 2156 717 2206 LXX,
731 2157 777 2198 Job.
786 2163 818 2207 59,
826 2163 859 2203 51.

86 2205 306 2264 (10,Ιι.)”τίέτοέγοί
319 2210 419 2264 κρίνομαι
424 2228 432 2260 ,·
651 2252 653 2255 ,
826 2228 828 2230 ’
860 2216 861 2237 a

140 2277 159 2302 v.
173 2267 193 2306 8.
207 2262 244 2303 καὶ
256 2260 293 2314 μή,
307 2270 326 2303 et
339 2264 389 2318 arcae)
402 2264 489 2309 Suband.
503 2265 531 2305 aio
538 2266 602 2314 facio,
616 2267 699 2317 sicat-
706 2265 742 2306 sed
755 2266 860 2306 intercedit

87 2316 210 2357 commutatio
224 2318 300 2356 numeri
313 2318 355 2358 sive
369 2331 472 2371 personae,
488 2319 551 2370 qualis
566 2335 582 2359 c.
592 2323 611 2368 la,
622 2326 654 2364 17.
666 2344 694 2354 -
709 2317 788 2370 aeduis,
802 2321 860 2374 sicat)

86 2371 181 2411 Nonnulli
195 2370 363 2412 calumniabantu-
377 2373 471 2424 Paulum,
491 2373 524 2412 alii
536 2374 564 2413 sic
578 2375 698 2423 sentiebant,
714 2379 734 2412 et
748 2387 803 2413 snam
817 2387 860 2414 sen-

87 2426 168 2465 tentiam
182 2425 271 2464 aPanlo
285 2427 366 2479 probari
380 2428 464 2479 ajebant.
478 2450 506 2457 -
520 2427 574 2479 φασί
587 2443 654 2476 τινες,
668 2429 758 2481 iaqzaaar
771 2426 860 2483 quidam)

88 2480 122 2532 qui
137 2493 184 2520 suae
199 2481 325 2532 perversitati
337 2487 426 2522 uest-rum
437 2481 551 2534 suffragium
560 2487 684 2534 praetexunt.
705 2483 762 2522 Haec
776 2483 861 2536 epistola

87 2534 174 2586 inprimis
191 2546 215 2573 ea
234 2534 258 2574 de
277 2549 337 2589 causa
356 2537 430 2589 scripta
448 2541 487 2586 est,
506 2542 529 2576 ut
547 2538 598 2577 tales
616 2537 725 2578 confutaret
738 2537 819 2578 Paulus
833 2544 867 2567 -“

87 2584 151 2639 ἡμᾶς,
165 2587 208 2640 aas)
221 2589 310 2641 justitiae
323 2590 364 2630 Dei
377 2596 491 2631 assertores.
500 2614 528 2621 —-
542 2589 586 2644 dae)
600 2591 645 2632 Hoc
658 2593 732 2645 pendet
745 2593 835 2645 praecise
849 2597 862 2632 'a

87 2642 159 2695 λέγειν,
173 2665 200 2673 -
218 2639 351 2696 ποιήσωμεν,
359 2646 471 2700 faciamus)
485 2646 527 2685 sine
540 2646 615 2686 timore.
630 2672 658 2680 -
672 2645 701 2688 τοί
714 2644 779 2696 κακοί,
793 2647 861 2700 mala)

81 2702 175 2747 peccata.
189 2718 217 2726 —
234 2694 288 2755 ἔλθῃ
302 2694 330 2739 τοί
345 2696 429 2754 ἀγαθοί,
448 2703 528 2742 acraiaat
540 2700 599 2755 tona)
613 2701 694 2741 vEadem
710 2701 783 2740 locutio
797 2701 861 2742 LXX

88 2750 121 2789 int.
136 2752 178 2792 Jer.
191 2757 223 2801 17,
233 2758 252 2795 6.
280 2753 326 2793 Hoo
339 2755 409 2795 volrmt
423 2755 488 2795 dicere
503 2755 651 2796 calumniatores
665 2756 704 2795 illi:
718 2755 776 2795 Bona
790 2757 816 2796 ad
828 2770 861 2797 ve·

88 2804 180 2845 ciendum
193 2818 293 2858 propensa
304 2814 361 2859 sunt;
371 2809 413 2849 vsed
428 2811 480 2851 mala
497 2811 552 2850 viam>
565 2811 592 2850 eis
607 2811 680 2850 debent
693 2823 819 2864 praeparare.
833 2834 874 2863 -.-ι

89 2855 118 2920 κοί
132 2856 216 2913 ἀγαθοί,
230 2862 289 2916 bona)
301 2861 369 2903 Gloria
382 2864 427 2904 Dei.
441 2887 469 2895 -
483 2862 520 2915 ὧν,
535 2865 625 2919 quorcica)
639 2865 652 2904 i.
667 2877 684 2904 e.
700 2878 772 2913 eorum,
786 2866 862 2918 quita-

33 2935 36 2950 .
90 2919 142 2954 crunt
155 2914 188 2953 vel
203 2915 261 2954 etiam
274 2917 371 2961 facienda·
379 2919 447 2960 dicunt
454 2921 512 2969 mala,
526 2926 549 2961 ut
560 2919 639 2963 veniant
647 2917 773 2961 bona—ad
787 2920 861 2975 κρίμα)
879 2960 881 2962 ,

89 2966 196 3028 dedictum,
212 2969 265 3021 quod
278 2971 312 3011 isti
324 2974 380 3013 uelut
394 2975 486 3026 injustam
500 2974 637 3027 subterfugere
651 2978 757 3024 conantum,
776 2974 861 3027 singula-

89 3025 136 3081 riter
150 3036 183 3062 eos
200 3024 339 3076 corripiet-
352 3025 446 3080 ἔνδικον,
461 3029 544 3082 justam)
563 3029 595 3069 Sic
608 3028 683 3069 Paulus
702 3030 862 3082 consequentiam

90 3073 144 3116 rllam
149 3090 212 3133 quam
217 3079 334 3132 longissime
341 3083 439 3133 amandat,
446 3088 466 3123 et
474 3084 525 3126 tales
532 3088 679 3138 responsatores
688 3084 770 3139 abrupte
776 3084 862 3138 repellit.
