1922 3513
427 220 480 256 GAL.
492 220 522 264 IV,
535 226 564 259 24·
578 224 606 258 25.

414 319 480 361 SUB
492 318 504 360 J
514 319 530 361 E
542 317 558 360 C
569 318 584 359 Τ
595 317 620 363 Α,

350 390 461 445 Historiae,
478 390 572 434 Abrahae
587 389 621 431 filii
637 389 683 431 duo.

214 457 296 514 isuper,
311 461 394 511 uincitur:
589 450 591 453 .
610 460 687 498 Libera.

214 517 277 556 Filius
291 516 383 555 ancillae:
538 514 600 553 Isaac
607 514 663 565 filius
677 514 752 552 liberae.

344 588 484 644 allegorice,
500 587 539 630 duo
555 592 680 629 testamenta.

216 659 271 701 Quae
285 658 341 697 babet
353 659 427 697 airum:
539 658 628 696 Deserta.

216 712 257 755 Qui
271 716 316 749 sunt
329 725 343 750 u
356 719 417 751 monte
432 711 491 751 Sina:
542 711 582 753 Qui
595 714 640 748 sunt
651 709 790 761 promissionis.

214 767 284 812 orons
300 765 384 819 (modoz)
540 765 596 808 Quae
609 778 687 803 sursum
700 769 739 814 est3
756 761 824 816 (mox.)

213 820 328 869 Jerusalem,
343 834 392 873 quae
406 833 458 859 nunc
472 826 509 858 est:
542 821 657 869 Jerusalem,
672 833 722 871 quae
735 831 797 869 snpra
811 823 842 856 est.

216 873 277 914 Caro:
542 874 632 925 Spiritus.

213 1008 288 1058 Mater3
303 1009 366 1061 piqnit
378 1023 452 1048 seruos:
536 1010 597 1062 pipnit
610 1009 684 1047 liberos.

214 1063 293 1111 Proles;
310 1064 387 1114 copiosa
401 1064 466 1103 initio:
539 1064 632 1115 copiosior
645 1066 720 1114 postea.

210 1118 345 1170 persequitur:
537 1118 687 1170 persecutionem
698 1116 780 1168 patitur.

215 1172 300 1223 efficitur:
537 1173 640 1220 hereditate
652 1173 729 1224 pandet.
764 1172 766 1177 ’

188 1237 285 1290 Loquitur
300 1241 365 1276 autem
377 1236 452 1275 Paulus
465 1236 570 1286 latissime,
588 1242 612 1276 ut
629 1250 693 1275 sermo
708 1237 749 1288 ejus
765 1240 784 1275 et
798 1235 905 1276 doctrinam

134 1292 185 1343 legis
200 1297 220 1331 et
234 1291 342 1342 euangelii,
361 1295 381 1329 et
394 1291 526 1331 oeconomiam
538 1298 626 1331 veterem
643 1304 666 1330 ao
678 1304 759 1339 novam3
778 1303 843 1342 neque
855 1291 905 1330 haec

134 1346 199 1385 omnia
212 1346 270 1385 simul
283 1346 303 1384 in
317 1346 416 1384 abstracto
430 1350 511 1394 tantum,
526 1347 562 1385 sed
574 1346 631 1384 etiam
641 1345 735 1397 populum
749 1345 850 1395 utriusque
861 1345 904 1384 doo-

134 1400 198 1439 trinae
214 1404 233 1438 et
247 1400 377 1447 oeconomiae,
392 1399 448 1450 quasi
462 1399 511 1438 duas
524 1400 613 1447 familias,
628 1413 671 1438 cum
686 1412 752 1438 earum
765 1400 870 1448 matribus,
885 1400 906 1439 in

135 1458 234 1503 concretos
247 1454 394 1506 complectatur.
423 1453 475 1492 Hine
487 1453 522 1493 illa
537 1453 651 1501 mundatio,
666 1453 722 1506 Aper
736 1459 763 1492 est
776 1459 906 1494 testamentum

134 1523 148 1547 a
162 1515 224 1548 oronte
233 1509 299 1548 Sinai:
316 1508 347 1547 oui
362 1508 471 1559 opponitur,
486 1522 526 1556 nos,
542 1522 561 1547 v.
570 1513 602 1551 28.
630 1508 683 1546 Hinc
698 1507 807 1559 expeditus,
823 1510 905 1548 aratio-

134 1576 181 1601 num
188 1562 278 1614 paritate,
293 1562 314 1600 in
322 1562 416 1613 allegoria
425 1561 450 1600 ab
460 1575 498 1600 uno
511 1562 536 1601 ad
544 1562 626 1601 alterum
637 1566 761 1601 commeatus.
771 1585 798 1591 -
811 1562 849 1613 piu
859 1563 905 1613 pir,

135 1630 195 1656 unum
209 1615 293 1668 quielern)
307 1616 360 1656 Huic
374 1618 449 1667 quidem
462 1616 569 1668 respondet
583 1623 651 1665 autern,
665 1630 684 1655 u.
695 1622 727 1659 26.
741 1617 906 1668 subsequiturque

135 1684 194 1711 versu
206 1676 238 1715 28.
254 1683 347 1723 expressa
357 1671 492 1722 promissionis
510 1672 592 1719 mentio,
611 1671 631 1709 in
649 1671 742 1710 antitheto
757 1670 783 1710 ad
795 1671 850 1711 Sinai
864 1672 906 1711 sive

134 1726 210 1777 legem:
226 1725 318 1776 idemque
328 1726 464 1777 promissionis
478 1726 595 1765 vocabulum
609 1725 711 1774 absorbet,
724 1725 777 1776 quod
790 1726 810 1765 in
824 1727 906 1779 epodosi

135 1779 239 1819 dicendum
258 1779 368 1827 videretur,
389 1783 471 1819 alterum
489 1787 623 1819 testamentum.
643 1802 670 1808 —-
690 1779 752 1829 ceri,
772 1781 832 1834 Sina)
852 1782 906 1834 Ergo

135 1834 220 1873 maxime
234 1834 259 1873 dc
272 1834 318 1887 lege
331 1834 493 1875 moralidisserit
505 1835 585 1874 Paulus.
602 1834 650 1873 conf.
666 1848 681 1873 o.
690 1840 708 1882 5,
717 1840 748 1877 119.
763 1834 905 1884 Hobr.12,18.

136 1902 191 1941 seqq.
205 1910 233 1916 -
247 1890 275 1936 εἷς
290 1888 371 1930 dalaiau
384 1888 486 1943 prussiae,
501 1891 522 1929 in
535 1891 643 1929 seruitutem
655 1888 759 1941 perrerans)
774 1889 841 1929 Habet
856 1892 907 1932 onim

135 1944 195 1992 filios,
216 1956 287 1994 eosque
305 1942 359 1982 initio
373 1943 450 1982 multos.
465 1965 494 1973 —-
506 1942 564 1994 ἥτις,
584 1943 643 1996 quae)
657 1943 800 1983 Praedicatum.
827 1945 905 1996 Hopar,

135 1997 254 2050 subjeetum:
273 1997 290 2036 si
299 1997 407 2037 enunciatio
416 2002 514 2050 spectetur
525 1999 576 2036 intra
585 2002 702 2037 contextum.
719 2003 791 2048 uonna,
806 2000 905 2049 praediea-

135 2058 182 2101 tum,
198 2057 254 2091 extra
268 2056 385 2101 contextum,
399 2057 421 2091 ut
435 2052 456 2091 fit
469 2052 489 2091 in
504 2065 592 2092 sermone
603 2052 715 2103 allegorico
730 2052 800 2091 Matth.
809 2059 881 2100 15,57.
889 2068 905 2094 s.

189 2120 208 2145 v.
218 2111 249 2149 25.
264 2102 289 2146 zo*
303 2102 345 2159 poio
360 2105 411 2146 rut
425 2103 474 2160 ὅρος
486 2110 539 2156 ast,
556 2107 606 2147 Sina
620 2107 670 2146 enim
683 2121 737 2146 nrons
751 2114 778 2146 est
791 2108 812 2146 in
825 2109 906 2158 Arabia,

135 2162 224 2214 conspruit
240 2166 302 2199 autem
316 2162 460 2211 Hierosolpnme
471 2162 579 2211 praesenti,
599 2162 658 2201 servit
676 2162 725 2200 enim
743 2175 786 2201 cum
793 2163 843 2214 filiis
857 2164 905 2217 suis)

136 2215 268 2268 Oppouuntur
281 2214 332 2254 inter
346 2227 367 2254 se
380 2215 461 2265 Hapar,
476 2228 495 2253 v.
504 2218 544 2263 24,
560 2221 579 2254 et
590 2217 658 2263 Isaac,
672 2229 691 2254 v.
700 2221 732 2259 28.
746 2216 781 2255 ubi
793 2217 905 2267 notandum,

136 2270 189 2322 quod
202 2271 275 2321 Hupar
293 2282 328 2308 suo
347 2268 423 2307 nomine
443 2269 562 2320 appellatur,
581 2283 621 2307 non
638 2270 704 2317 Saum·
724 2274 743 2308 et
760 2275 826 2309 tamen
841 2273 905 2322 Isaac,

134 2339 173 2365 non
190 2325 268 2365 Isura'e'l.
291 2324 382 2363 ancillam
400 2324 472 2376 quippe
491 2328 572 2362 matrem
589 2324 677 2375 sequitur
695 2329 773 2375 partus,
794 2329 814 2364 at
831 2324 906 2366 liberae

134 2380 185 2420 filius
199 2392 234 2419 suo
248 2379 325 2417 nomine
340 2383 435 2418 censetur.
448 2395 450 2397 ·
464 2376 497 2417 Sic
509 2379 582 2430 Hapar
600 2378 620 2418 in
637 2378 674 2417 hae
687 2378 780 2430 periocha
794 2381 906 2432 expeditam

134 2435 195 2474 habet
208 2434 309 2474 rationem.
337 2433 423 2481 Interim,
438 2446 495 2471 versu
505 2436 537 2477 24.
549 2438 569 2472 et
578 2438 617 2482 28„
631 2438 755 2486 opponuntur
769 2434 819 2473 inter
833 2448 854 2474 se
865 2436 906 2476 foe-

135 2490 172 2528 dus
187 2504 211 2528 eu
225 2495 287 2528 monte
299 2487 349 2527 Sina
364 2493 383 2526 et
394 2489 508 2539 promissio:
523 2488 575 2534 item,
590 2501 649 2526 versu
661 2492 693 2530 25.
707 2493 727 2527 et
739 2493 780 2536 26„
796 2490 906 2530 Jerusalem

134 2558 186 2583 renunc
201 2548 220 2582 et
230 2544 339 2581 Jerusalem
353 2555 420 2593 supra.
448 2541 541 2581 Nonnulli
554 2543 603 2580 haec
613 2542 681 2590 verba,
698 2541 749 2582 uera
763 2541 812 2595 does
825 2542 869 2589 ἒςῖν
883 2544 906 2585 ἐν

134 2599 161 2654 τῆ
175 2596 263 2653 α’ραβῖᾳ,
278 2596 299 2635 iu
312 2595 401 2635 omnibus
414 2596 541 2635 monumentis
551 2601 635 2647 reperta
649 2609 685 2647 pro
695 2595 812 2646 glossemate
823 2597 904 2649 habent3

134 2665 244 2705 perperam.
277 2650 310 2690 Sic
329 2650 381 2689 enim
400 2655 503 2689 enervatur
522 2656 657 2701 argumentum
672 2649 739 2697 Pauli,
761 2650 874 2692 servitutem
894 2667 905 2693 a

134 2706 269 2754 montosus,
284 2705 311 2745 ad
325 2718 378 2754 earn,
394 2717 444 2756 quae
457 2718 509 2744 nune
523 2710 558 2752 est,
573 2704 693 2752 Jerusalem,
707 2704 829 2756 proferentis,
843 2721 862 2747 v.
872 2710 904 2752 24.

135 2766 168 2806 25.
196 2760 264 2801 Potius
276 2761 349 2813 Hapar
363 2773 389 2799 ex
402 2761 504 2803 versu2lr.
518 2759 539 2798 in
551 2763 673 2803 uersum25.
687 2759 786 2799 inductam
800 2774 852 2811 esse,
872 2759 905 2802 do-

135 2820 180 2857 oent
192 2821 316 2856 monumenta
330 2815 400 2854 idonea
413 2814 434 2853 in
446 2813 550 2866 Apparatu
565 2814 632 2862 citata,
648 2819 667 2854 et
680 2819 769 2854 neutrum
783 2829 846 2866 genus
860 2818 905 2856 arti-

135 2872 174 2918 culi
188 2868 219 2912 τό,
235 2883 281 2909 nam
293 2872 365 2924 Hapur
379 2869 503 2909 foeminmunr
518 2874 552 2917 est,
567 2868 602 2909 sea
615 2870 664 2909 Sina
677 2875 767 2909 neutrum
779 2870 807 2923 l).
834 2870 904 2925 Neque

159 3004 181 3050 i)
193 3004 241 3039 Hine
254 3003 322 3038 orrissio
332 3003 378 3038 oecis
390 3000 437 3049 ἅγαρ
450 3001 482 3036 boo
492 3011 547 3043 uersu,
559 3000 579 3035 in
590 3002 669 3046 morpine
677 3002 709 3036 Ed.
718 2991 759 3046 maj.
772 3003 829 3037 minus
841 3003 904 3048 adpro-

196 3054 242 3095 bato,
249 3064 284 3097 per
295 3052 391 3096 marpiuem
398 3052 431 3086 Ed.
440 3057 456 3089 2.
468 3049 568 3084 lectionibus
575 3050 683 3093 firmioribus
691 3052 822 3093 adriumerotur,
835 3064 904 3087 censen

195 3101 247 3137 rieule
258 3101 308 3136 Vere.
320 3112 375 3147 germ.
388 3121 411 3127 -
423 3100 460 3138 ὅσοι
471 3097 547 3145 conferri
554 3098 593 3144 jam
605 3097 697 3145 merentur,
711 3110 756 3146 quae
768 3100 798 3137 cel.
810 3100 904 3136 Muharur
