1922 3513
338 231 408 273 idon.
419 232 453 277 IV,
466 237 529 272 5—6·
783 233 818 269 115

50 326 116 380 magni
129 324 249 367 deridebet.
264 351 290 357 —
304 323 338 380 ὑφ’
352 325 416 381 ὑμῶν,
431 342 444 367 α
454 327 514 379 vobis)
528 325 627 379 privatim.
655 324 780 364 Antitheton:
794 325 819 365 ab

50 385 134 423 ίιιισιαιισ
147 384 182 432 die,
196 382 281 436 publice.
297 380 393 436 [Lirnitot,
408 396 458 434 quoe
472 396 488 421 c.
503 387 522 429 5,
531 385 570 424 21.
585 380 672 419 diceret:
691 378 761 420 Omnia
774 384 820 420 sunt

50 442 122 477 vestra.
137 436 162 477 V.
172 438 200 493 g]
210 462 237 469 —-
246 434 365 490 ἀνακριθῶ,
379 435 480 489 dr'y'udicer)
494 435 583 475 fidelisne
597 434 639 482 sim,
652 446 689 474 nec
702 446 733 473 ne.
758 434 820 474 Vide·

50 493 122 532 bantur
135 492 202 544 utique
218 491 310 531 Corinthii
324 491 367 531 sola
381 491 476 530 fidelitate
484 502 523 529 non
532 501 575 530 esse
589 488 680 537 contenti,
694 488 730 528 sed
744 494 820 541 aposto·

50 547 81 586 lus
96 543 210 599 ἀποτόμως
224 546 271 598 agit.
284 569 311 577 --
325 543 469 597 ἀνθρωπίνης,
483 543 575 597 romano)
589 544 634 584 Hoc
648 543 733 597 pertinet
747 543 821 582 admi·

50 601 154 640 nuendum.
170 601 249 651 [Orines
264 601 309 650 dies,
324 600 417 639 dominico
432 600 536 649 citeriores,
550 599 630 638 hnmani
644 605 694 639 suot.
710 597 736 638 V.
751 597 778 653 g]
793 620 822 628 -

51 652 137 710 ἡμέρας,
151 655 188 708 die)
204 656 237 695 Sic
250 655 338 709 appellat
351 654 372 692 in
382 653 476 693 antitheto
491 654 517 693 ad
532 654 585 693 diem
592 654 677 693 Domini.
692 649 766 706 ἡμέρα,
781 653 821 692 dies

51 710 104 749 dicta
114 710 143 748 rei
157 710 252 761 agendae.
272 711 347 761 Estque
361 709 393 747 hic
402 708 527 758 abstractum,
541 722 577 762 pro
590 714 685 757 concreto,
698 708 744 747 coll.
759 708 822 747 eoois.-

50 766 107 813 item,
125 764 198 805 locutio
216 765 354 817 hypothetica,
371 776 428 802 nemo
445 764 495 802 enirn
509 763 596 803 fidelium
611 769 653 807 erat
667 763 755 816 apostolo
770 762 822 801 diem

51 818 145 858 dicturus.
158 817 312 874 --ἀνακρίνω
327 818 417 870 arnono)
431 818 477 857 Non
486 817 579 858 dehemus
595 819 646 858 enirn
659 831 694 857 nos
708 818 821 868 dr'y'ociicara

51 873 87 914 sed
90 875 187 923 judicare.
199 870 313 931 ἀνάκρισις
320 878 349 913 est
359 874 469 924 do'y'uolicotio
475 874 538 923 uuiuS,
546 879 637 926 respectu
647 873 738 922 aliorum,
746 871 822 927 κρίσις,

46 929 142 978 judicium
155 929 245 981 simplex.
273 928 331 967 Felix
345 927 418 968 oblivio
438 929 483 968 boni
499 929 534 969 sui.
564 928 597 968 Sic
611 928 737 968 vehementer
750 925 822 965 refuta·

52 988 84 1023 tur
97 983 208 1033 dc‘y‘ordicotio
223 983 365 1022 Corinthiorum
379 982 404 1023 dc
417 983 486 1023 Paulo.
796 995 803 1000 ·

105 1051 125 1076 v.
139 1040 158 1081 [ι.
173 1035 232 1090 ridie)
246 1040 278 1085 ait,
293 1038 394 1090 perfidum.
409 1036 457 1077 conf.
466 1039 537 1090 fidelia,
550 1052 570 1077 v.
578 1045 597 1081 2.
626 1037 660 1078 Sic
669 1036 738 1085 LXX,
752 1032 765 1076 α’
779 1031 821 1089 ράρ

26 1096 28 1100 “
52 1086 140 1133 σύνοιδα
158 1089 242 1145 ἐμαυτῷ
259 1088 330 1134 citone
348 1087 440 1145 πράξας,
464 1092 510 1133 Job.
525 1099 561 1142 27,
575 1099 593 1136 6.
623 1092 686 1143 Quem
703 1090 822 1131 conscientia

52 1151 136 1194 accusat,
150 1147 167 1186 is
181 1151 258 1185 tenetur
272 1159 293 1185 se
308 1146 420 1198 dijudicare.
434 1171 462 1179 -
476 1144 501 1187 ἐκ
515 1147 536 1187 ἐν
549 1144 605 1200 tricor
619 1146 765 1197 δεδικαίωμαι)
782 1158 822 1184 noo

51 1201 72 1240 ιἰι
86 1201 126 1248 hoc,
141 1202 158 1239 si
171 1214 202 1239 rne
215 1201 257 1252 ipsc
267 1201 376 1252 dijudicem,
385 1202 502 1253 jostpicotus
513 1215 561 1240 som.
581 1200 682 1240 iudicium
694 1201 744 1239 euim
755 1212 821 1250 super·

53 1259 88 1294 est.
116 1254 235 1295 Justificabit
248 1269 279 1295 me
293 1256 392 1304 Dominus,
406 1270 425 1295 v.
440 1261 459 1299 5.
486 1255 561 1295 Paulus
576 1255 609 1295 vel
623 1254 709 1307 spectari
722 1258 787 1306 potest
800 1257 823 1292 ut

50 1309 113 1362 judex
127 1310 238 1362 suiipsius,
252 1310 286 1350 vel
294 1316 316 1350 ut
324 1311 385 1350 testis.
414 1309 442 1350 Ut
455 1310 510 1350 testis
524 1311 566 1358 scit,
581 1322 602 1349 se
612 1309 661 1348 nihil
672 1308 710 1348 sibi
724 1307 823 1347 conscium

53 1377 102 1403 esse.
130 1364 158 1403 Ut
170 1365 233 1416 judex
246 1378 285 1404 non
299 1365 358 1404 audet
371 1365 416 1404 ideo
430 1378 451 1404 se
466 1364 580 1415 dijudicare,
595 1364 637 1404 sive
651 1363 785 1416 pronunciare,
801 1375 822 1402 se

50 1418 177 1471 justificatum
192 1433 274 1459 esse-
284 1417 402 1472 ἀνακρίνων
415 1420 450 1472 με)
465 1420 575 1469 dr'y'adicooe
586 1433 620 1469 rae,
635 1432 674 1458 uon
687 1417 822 1470 refugientem,

52 1474 73 1512 in
87 1486 122 1513 suo
137 1473 232 1523 adventu,
246 1488 265 1514 v.
279 1478 309 1522 5.,
324 1480 344 1512 et
354 1473 469 1525 justificans.
479 1473 500 1526 i)

106 1541 126 1567 v.
141 1533 159 1571 5.
174 1528 258 1583 κρίνετε,
268 1529 363 1580 neronio)
377 1528 422 1567 Nou
436 1527 494 1577 dicit,
509 1524 642 1581 incopiosae,
657 1526 764 1578 dijudicate.
778 1539 823 1578 pro-

52 1581 97 1634 pius
113 1583 183 1621 alludit
197 1582 222 1621 ad
234 1583 334 1634 judicium,
349 1583 403 1634 qnod
416 1582 511 1621 Dominus
526 1588 577 1634 aget.
591 1605 619 1612 -
633 1578 645 1622 o‘
660 1578 746 1634 κύριος,
755 1581 823 1620 Domi·

52 1636 97 1689 aas)
113 1637 177 1685 Jesus,
192 1637 223 1676 cui
236 1637 337 1676 servimus.
351 1651 371 1676 v.
387 1643 404 1679 l.
419 1657 447 1665 ·—-
460 1638 505 1689 καί)
520 1638 582 1676 etiam.
597 1634 636 1675 nori
649 1637 707 1676 modo
717 1634 822 1686 judicabit,

53 1691 89 1730 sed
99 1691 195 1742 judicium
209 1692 299 1743 proferet.
318 1714 346 1720 -
364 1690 464 1744 φωτίσει)
476 1690 572 1743 ’φοινίξειν
588 1696 618 1730 est
635 1691 695 1730 locem
713 1691 787 1738 inferre
800 1690 822 1729 ἱνι

52 1759 99 1793 reor,
112 1759 132 1785 v.
147 1760 177 1798 gr.
192 1745 287 1797 φωτίζειν
301 1742 340 1796 τάν
354 1742 431 1793 νύκτα,
445 1746 483 1783 Ex.
499 1747 530 1792 lli,
546 1750 578 1787 20.
594 1745 614 1783 in
627 1758 689 1796 marg.
704 1744 735 1783 ed.
749 1743 821 1784 Wech.

53 1801 113 1839 lucem
126 1801 200 1849 ιἰψιινί
213 1800 234 1839 io.
249 1806 331 1840 noctem:
348 1800 391 1848 vel,
405 1813 445 1838 rene
455 1799 581 1849 proferrem
595 1801 660 1838 tricem.
678 1798 821 1847 2Tim.l,10.

52 1852 163 1907 Utrumque
176 1859 218 1894 tum
231 1855 270 1894 fiet.
288 1877 316 1883 -
335 1852 364 1895 τά
377 1850 467 1907 uocare,
486 1852 604 1905 abscondito)
620 1853 672 1892 Sane
687 1867 721 1893 eor
733 1853 822 1901 hominis,

53 1915 122 1960 crypta
136 1915 171 1949 est.
186 1931 215 1938 -
228 1908 255 1949 τά
268 1905 350 1957 croceo,
364 1906 492 1959 terebrarum)
507 1921 546 1959 quo
557 1908 613 1947 nulla
625 1908 677 1947 acies
690 1908 777 1947 humana
789 1921 823 1960 pe·

52 1967 123 2001 netrat.
135 1986 163 2005 ,-
179 1958 296 2016 φανερώσει
300 1994 307 2012 ,
325 1961 461 2013 moriisestobit]
476 1962 514 2010 ita,
533 1968 555 2001 ut
567 1967 610 2001 turn
623 1962 702 2001 demum
714 1975 750 2001 nos
764 1962 823 2014 plane

54 2017 149 2068 cognituri
163 2017 210 2056 sitis.
218 2038 245 2044 —
258 2012 298 2062 τάς
312 2012 384 2068 (tuicio,
399 2016 486 2068 coasilia)
502 2016 546 2068 quis
553 2018 620 2069 fidelis
628 2016 692 2066 fuerit,
706 2017 740 2056 vel
753 2017 822 2057 minus.

52 2071 95 2111 τῶν
109 2070 209 2125 καρδιῶν,
222 2069 315 2122 cordiam)
330 2069 358 2110 Ut
371 2084 404 2109 cor
419 2075 454 2119 est,
468 2071 496 2109 ita
510 2071 561 2110 actio
572 2077 602 2111 est
610 2074 666 2122 josto
681 2076 700 2111 et
714 2072 823 2121 laudabilis,

52 2124 86 2162 vel
102 2136 164 2163 secus.
178 2148 206 2155 —
219 2123 274 2174 τότε,
288 2124 340 2177 troico)
354 2124 385 2163 Eo
397 2122 661 2177 exspectate-iucem}
670 2125 722 2178 laos)
736 2126 823 2166 Mundus

52 2177 121 2220 laudat
135 2191 180 2217 suos
195 2178 303 2230 principes,
318 2178 378 2218 duces
391 2178 484 2228 bellicos,
497 2179 584 2231 legatos,
604 2180 711 2232 sapientes,
730 2181 823 2221 artifices:

53 2231 107 2270 Deus
121 2231 218 2271 ministros
232 2245 278 2272 suos
297 2232 368 2272 deinde
382 2233 477 2273 laudabit.
496 2255 524 2262 —-
542 2231 622 2287 ἑκάςῳ)
636 2236 705 2284 coicis,
725 2236 823 2283 laudabili,

53 2285 107 2325 fideli
120 2299 231 2326 oeconomo.
249 2300 285 2326 vos
299 2301 359 2326 unum
373 2288 469 2327 duntaxat
482 2288 577 2342 laudatis,
592 2302 611 2326 v.
626 2302 656 2340 gr.
670 2289 761 2335 Paulum.
791 2290 824 2330 Sic

53 2341 121 2392 quivis,
136 2355 152 2380 c.
168 2347 187 2389 5,
201 2346 220 2385 8.
247 2341 279 2380 De
292 2342 351 2381 lande
366 2342 437 2391 oDeo,
451 2342 491 2382 vid.
501 2343 571 2382 Matth.
580 2348 612 2390 25,
620 2349 652 2386 21.
680 2344 745 2383 Etiam
758 2344 778 2392 ii,
789 2344 824 2396 qui

53 2407 91 2434 non
101 2401 147 2435 sunt
156 2395 230 2444 fideles,
244 2396 323 2436 laudem
333 2402 452 2449 exspectant,
467 2397 503 2436 sed
511 2398 554 2436 laus
569 2409 635 2436 eorum
645 2397 682 2436 erit
690 2399 822 2450 opprobrium.

53 2448 124 2501 ltaque
137 2450 235 2490 vocabulo
249 2453 298 2500 ῑαιιε,
312 2464 348 2503 per
363 2452 489 2502 euphemiam
504 2456 617 2490 connotatur
626 2452 685 2491 etiam
699 2453 823 2501 contrarium,

53 2508 76 2542 ut
88 2505 109 2542 in
119 2506 210 2556 probabit
224 2510 260 2544 etc.
275 2511 317 2553 aa,
326 2511 357 2549 15.
369 2511 387 2553 8,
396 2511 415 2549 8.
424 2511 455 2549 10.
465 2510 505 2544 not.
530 2506 564 2545 Sic
574 2507 676 2546 benedictio
689 2507 824 2559 complectitur

54 2557 112 2597 etiam
122 2560 277 2600 maledictionem.
292 2559 341 2599 Cen.
350 2562 382 2609 49,
390 2565 422 2603 28.
431 2565 449 2603 7.
465 2559 537 2599 Similis
544 2561 598 2600 locus
610 2567 621 2604 1
631 2559 683 2601 Sam.
692 2567 724 2612 26,
732 2568 764 2606 23.
773 2562 823 2617 (24.)

108 2627 127 2653 v.
144 2619 163 2657 6.
177 2614 257 2665 ταῦτα)
271 2616 323 2663 liceo,
338 2628 388 2666 quae
398 2614 466 2664 iudea
476 2629 491 2654 c.
500 2621 517 2664 l,
524 2621 556 2659 16.
564 2629 579 2655 s.
596 2621 679 2656 exstant.
688 2639 715 2647 —
724 2631 825 2671 μετεσχη-

53 2662 143 2718 odrina,
157 2670 303 2722 transfipcccoi)
319 2668 373 2709 Conf.
385 2676 397 2712 2
407 2669 459 2708 Sam.
468 2672 540 2719 lli,20.
554 2671 636 2710 Schema
649 2672 669 2710 in
684 2684 706 2710 eo
721 2675 756 2719 est,
771 2670 825 2722 quod

54 2719 129 2782 ¹Paulus
144 2736 172 2772 ea,
187 2737 238 2775 quae
253 2723 362 2763 Corinthios
374 2724 505 2773 admonerent,
519 2738 558 2764 non
573 2725 635 2765 solum
648 2726 668 2764 in
682 2725 774 2775 secunda,
789 2725 825 2765 sed

55 2787 75 2812 m
88 2776 151 2828 prima
164 2778 286 2830 potissimum
300 2791 383 2830 persona
397 2779 481 2831 scripsit,
495 2793 514 2818 v.
524 2786 542 2823 5.
551 2783 577 2828 4.,
590 2785 613 2818 ut
622 2792 692 2818 causae
705 2793 772 2820 senous
785 2793 825 2819 mo·

56 2828 123 2881 derati,
134 2833 205 2884 quibus
213 2832 287 2872 Paulus
298 2838 317 2872 et
324 2833 398 2884 Apollo
408 2833 542 2883 movebantur,
552 2834 632 2873 eaedem
640 2834 750 2874 Corinthios
759 2848 825 2874 move-

55 2889 104 2933 rent,
112 2898 131 2925 v.
141 2893 178 2936 16,
188 2893 208 2926 et
215 2887 309 2926 Corinthii
319 2887 344 2926 dc
351 2887 415 2928 Paulo
424 2889 538 2941 cogitarent,
548 2887 643 2940 quomodo
650 2887 725 2928 Paulus
738 2889 762 2927 de
774 2902 824 2928 sese.

56 2959 82 2968 ·-
90 2936 187 2991 μάθηιε,
202 2942 304 2996 disceretis)
316 2942 362 2983 Hoc
372 2943 434 2983 verbo
446 2944 543 2996 componit
552 2943 626 2983 Paulus
636 2943 699 2983 elatos
707 2942 825 2985 Corinthios.

57 3026 145 3036 --..-,,

41 3074 43 3076 ’
84 3070 101 3116 *l
114 3069 175 3119 κίριόι
188 3073 235 3113 iric,
252 3073 338 3109 Dominae
352 3074 382 3121 ert]
395 3075 449 3109 lesus
462 3074 551 3119 Christus,
567 3085 584 3109 u.
597 3079 614 3112 5.
639 3074 707 3119 Hujus,
725 3086 765 3112 cum
777 3075 826 3112 DEC

115 3123 180 3158 mentio
194 3123 246 3160 simul
258 3124 346 3169 injicitur,
358 3128 378 3161 nt
389 3135 406 3159 v.
420 3129 436 3166 1.
465 3123 483 3159 V.
495 3135 513 3170 ρ.

83 3170 103 3209 Τ.
115 3174 138 3211 Π.
664 3169 685 3217 Η
