1922 3513
332 247 388 282 nou.
400 246 434 288 vr,
443 243 532 282 ua-ru
788 240 810 276 u

42 347 165 404 ἐπιθυμίαις
177 345 241 397 uitri,
256 348 276 386 iu
291 341 447 395 concupiscentiis
460 337 509 392 mets)
522 336 593 400 sensi
600 330 705 388 σώματος,
719 334 812 386 eorporis.
880 391 882 393 v

0 402 4 448 Ῐ
43 409 163 464 Cupiditates
178 402 265 454 corporis
279 405 325 440 saint
338 399 410 446 fomes,
425 398 611 447 peceatum,1gn1s.
671 416 672 419 η

0 483 2 505 4
94 477 114 502 v,
124 466 156 504 15.
168 459 220 511 μηδὲ
230 450 365 510 aspicimus)
376 451 473 503 Majorem
481 448 521 487 vim
530 446 592 486 trahet
600 444 648 505 mox
657 457 696 483 aor.
709 449 728 487 1.
742 458 812 495 παρα-

42 516 126 570 ςήσατε.
139 535 167 542 —
184 509 212 553 roi
225 509 275 562 pilu
289 505 357 559 niuniu*
375 501 452 550 ἑαυτές
466 504 502 543 ’καὶ
516 497 544 541 τοτ’
558 500 622 552 uile),
637 500 723 546 retemire
732 503 812 560 ¹ces-tro:

0 570 1 573 '
42 589 75 614 eos
85 573 136 623 ipsos
151 574 169 607 et
181 564 272 616 retemire)
286 562 352 602 Primo
365 559 499 614 consideratur
512 568 596 608 persona
609 553 723 602 Christiani,
743 550 814 591 deinde
840 587 843 592 .

0 636 1 639 ’
43 627 127 667 actiones
142 627 162 661 et
176 633 262 661 munera.
287 618 351 657 Homo
364 616 386 654 in
401 613 582 666 peccatomortnus
597 623 636 648 non
650 608 750 649 commode
763 607 813 645 dice⁴

32 687 95 721 'retur
109 679 173 718 sistere
186 674 315 716 SEIPSUM
323 676 415 723 peceato:
435 667 553 708 seuvivens
569 669 635 718 potest
647 678 668 704 se
682 664 751 704 sistere
763 662 813 700 Deo.
871 699 873 703 .

0 755 1 765 2
42 761 69 770 -
80 731 142 781 ὅπλα,
157 729 223 784 ormo)
233 727 335 779 Allegoria
344 739 355 764 a
363 724 427 773 bello,
441 727 464 762 ut
473 721 580 773 opsom'un¹
590 726 623 764 25.
636 744 664 749 —
679 714 771 766 ιῖδικίας,
785 717 814 755 iu-

37 783 133 841 )astitioe)
148 799 198 836 quae
209 785 324 823 adversatur
334 781 399 832 justae
412 776 510 817 voluntati
520 776 565 814 Dei.
580 798 608 804 -
622 777 648 831 τῇ
658 770 758 828 ᾆμαριῐᾳ,
770 786 814 822 pen

43 842 93 895 eote)
103 841 208 880 Peccatum
217 839 249 878 hic
259 835 393 876 consideratur
402 838 424 872 nt
435 837 537 884 tyrannus.
549 854 577 859 —-
589 823 736 884 παραςήσατε,
747 826 815 879 sist'te)

43 903 65 937 ut
78 895 135 946 Regi.
147 917 175 923 —-
196 894 218 934 ἐκ
233 891 322 943 νεκρῶν,
340 904 365 929 eor
377 886 466 940 errortuis)
481 886 603 925 Christianus
620 888 650 923 est
663 897 688 922 ear
701 887 775 920 mortuo
787 883 815 920 ui

43 966 98 991 oeus:
111 941 174 1001 fuerat
185 953 283 994 mortuus,
297 958 349 984 nunc
360 943 414 982 vivit.
431 940 485 981 Conf.
494 940 545 992 Eph.
554 946 572 989 5,
583 943 614 983 tlt-
623 943 663 978 not¹
678 937 746 989 Apa
754 941 815 979 1-5,

6 1047 8 1050 ,
42 1006 81 1045 Hic
99 1004 176 1056 quotins
190 1014 267 1042 somnus
282 1005 311 1039 est
325 999 391 1038 uiortis
408 998 480 1048 imago.
500 1019 528 1024 -
551 988 700 1042 δικαιοσύνης,
715 991 815 1044 justitiae)

43 1059 166 1106 Antitheton,
182 1055 276 1102 α’δικίας,
290 1054 399 1104 injustitiae.

96 1115 157 1155 1.,11.
172 1110 184 1151 a'
195 1103 308 1163 κυριεύσει,
322 1121 361 1146 riou
373 1103 511 1154 deteriorabitur)
524 1115 561 1142 neo
569 1104 602 1156 jus
615 1102 676 1141 habet
687 1100 814 1140 1111111111-

45 1173 89 1206 tem.
103 1166 174 1204 invitos
188 1177 228 1203 non
242 1161 335 1211 cogetad
344 1159 469 1200 serviendum
478 1157 521 1196 sibi.
536 1180 564 1191 —.—
578 1152 622 1198 viui
634 1151 706 1207 niuei,
720 1156 755 1194 seb
765 1155 815 1209 iepe)

45 1221 83 1271 Qui
97 1220 132 1259 sub
146 1219 192 1269 lege
207 1221 246 1264 est,
261 1208 525 1265 eidominatnr‘peccatum.

97 1287 119 1312 v.·
128 1277 159 1315 15.
173 1266 223 1318 ὑπό,
237 1268 280 1322 sut)
295 1283 311 1308 c.
322 1275 341 1317 7,
355 1271 416 1311 2-11.
682 1316 686 1325 Ι

97 1341 117 1366 v.
127 1333 158 1369 16.
174 1321 241 1371 ciuiles,
255 1323 329 1377 cereos)
343 1323 429 1361 Notatur
440 1321 532 1368 seruitus,
549 1332 574 1358 ex
583 1332 622 1371 qua
632 1321 720 1368 sequitur
732 1317 817 1356 obedieu-

46 1383 78 1421 tio.
91 1405 118 1412 -
139 1381 204 1427 δῦλαι,
218 1377 277 1431 serui)
291 1378 376 1418 Notatur
389 1381 451 1416 status
463 1375 568 1423 servitutis,
584 1373 618 1425 qui
630 1371 719 1423 sequitur
732 1371 817 1411 obedieu-

45 1437 96 1475 tium.
111 1431 207 1481 2Petr2,
218 1437 250 1474 19.
262 1455 289 1460 -
306 1435 343 1480 εἰς,
355 1430 384 1486 iu)
399 1431 435 1479 εἰς,
449 1430 476 1477 ιἰι,
490 1429 521 1469 bis
536 1428 635 1479 pendet-a
648 1427 705 1466 servi.
718 1448 747 1454 —
760 1423 817 1466 α’πα-

45 1488 106 1538 καῆς,
125 1485 248 1539 obedieutiae)
271 1485 381 1525 Oteoiientiu
399 1483 490 1523 absolute
508 1483 561 1522 dieta
576 1483 597 1521 in
609 1482 681 1521 bonam
695 1485 773 1533 partem
786 1493 817 1519 su-

45 1543 108 1582 mitur.
132 1542 197 1581 Etiam
207 1540 285 1591 justitia
298 1539 412 1579 obedienter
426 1543 507 1589 agentes
520 1537 558 1577 sibi
570 1542 646 1590 promte
657 1536 733 1575 asserit.
748 1555 776 1563 -
789 1536 817 1581 eie

47 1592 196 1645 tercenarium,
214 1595 234 1633 iu
245 1595 351 1648 justitium)
366 1592 464 1640 Submitti,
484 1598 502 1631 et
510 1594 598 1642 justitiae
611 1593 632 1644 in
646 1592 711 1630 eitum.
730 1603 756 1628 ex
770 1590 817 1628 anti-

10 1679 16 1686 ..
46 1651 105 1697 theto,
120 1650 163 1689 coll.
178 1662 198 1687 v.
212 1653 244 1690 20.
254 1661 279 1687 ss.
295 1663 311 1687 c.
321 1655 339 1697 5,
351 1655 383 1691 20.
394 1653 434 1686 not.
796 1655 798 1659 ·

100 1718 119 1742 v.
135 1709 167 1746 17.
188 1700 251 1755 χάρις
263 1701 284 1742 δὲ
301 1703 331 1756 τῷ
343 1704 398 1755 θεῷ,
416 1701 483 1754 piratio
496 1714 542 1739 uero
555 1698 606 1751 Deo)
621 1698 697 1737 Idioma
712 1696 818 1739 Paulinum

48 1763 82 1806 est,
97 1757 149 1809 quod
158 1756 305 1809 propositiones
312 1756 435 1808 categoricas
445 1755 496 1794 solet
506 1768 546 1793 non
557 1753 667 1805 categoriae
679 1757 698 1791 et
706 1751 766 1799 nude,
781 1751 818 1790 sed

48 1826 91 1850 oum
101 1812 186 1863 quodam
196 1810 329 1862 quasimodo,
343 1812 415 1858 idest,
430 1822 474 1848 cum
486 1808 626 1860 significatione
639 1807 731 1855 affectus,
745 1805 817 1860 gratia-

47 1880 89 1904 rum
98 1866 183 1914 actionis,
192 1865 233 1904 voti
244 1870 280 1903 etc.
291 1865 365 1904 efferre.
376 1864 416 1903 vid.
428 1869 439 1906 1
450 1863 494 1902 Cor.
503 1866 534 1911 tlt,
548 1869 579 1907 18.
591 1869 602 1905 2
614 1862 665 1901 Tim.
675 1868 694 1910 2,
706 1867 724 1904 7.
732 1865 772 1899 not.
786 1860 819 1900 Ita

47 1921 104 1972 hujus
117 1920 156 1959 loci
170 1920 299 1970 enthymema,
309 1924 348 1959 est:
363 1919 432 1968 fuistis
446 1919 497 1957 secu
507 1919 585 1969 peccati
590 1932 597 1965 ,·
620 1918 655 1956 sect
667 1930 719 1955 ιαιιισ
734 1916 819 1955 obedieu-

47 1980 74 2013 tes
86 1976 141 2023 fecti
147 1975 240 2024 justitiae.
262 1973 298 2012 seu
318 1973 394 2012 accedit
412 1972 483 2011 modus
496 1973 587 2011 moralis:
607 1972 675 2024 pretio
688 1973 744 2020 Dee,
762 1972 818 2022 quod,

12 2070 13 2073 ,
47 2042 105 2080 quum
113 2029 193 2078 fueritis
207 2027 258 2066 servi
267 2029 354 2077 peccati,
375 2041 426 2066 ιιιιιιι
440 2027 528 2066 obedistis
536 2027 631 2076 justitiae.
654 2026 688 2078 qui
700 2031 767 2065 'tamen
779 2038 818 2064 mo-

48 2083 84 2122 uus
97 2082 185 2121 hocloco
197 2081 255 2120 etiam
266 2081 305 2120 hoc
315 2081 416 2133 significat,
429 2082 482 2120 hune
491 2086 564 2121 statum
574 2081 708 2120 Romanorum
717 2092 759 2119 esse
773 2079 819 2119 bea-

48 2142 100 2184 tum,
122 2149 180 2187 quem
193 2136 245 2174 omni
258 2136 315 2174 morlo
329 2136 382 2174 tueri
396 2135 487 2174 debeant.
514 2136 572 2175 Haec
584 2135 696 2175 observatio
710 2135 779 2182 faciet,
798 2140 820 2174 ut

48 2191 113 2229 multis
127 2191 148 2230 in
161 2190 209 2229 locis
224 2194 244 2228 et
258 2191 354 2229 sententia
368 2189 462 2230 sermonis
477 2196 496 2229 et
510 2190 569 2230 ardor
580 2190 665 2242 pectoris
678 2189 779 2242 apostolici
792 2189 820 2229 di-

28 2253 29 2256 ’
48 2245 118 2283 stincte
132 2249 232 2296 appareat.
243 2266 271 2271 -—
282 2242 323 2293 ὅτι,
338 2244 398 2298 quod)
413 2244 446 2284 Sic
455 2247 511 2297 quod,
526 2245 630 2285 subaudno
645 2246 730 2296 quidem,
744 2243 790 2283 tou.
801 2251 820 2294 5,

49 2304 80 2341 19,
96 2320 124 2327 —
142 2300 212 2347 δὲλοι,
226 2299 286 2350 semi)
300 2300 417 2350 praesertim
430 2300 451 2337 in
462 2300 584 2351 ‚ethnicismo
597 2321 631 2340 -.
644 2301 667 2340 ἐκ
683 2298 780 2352 καρδίας,
795 2313 820 2339 ea

48 2353 113 2406 cotue)
126 2352 206 2391 Veritas
221 2357 241 2392 ct
255 2352 342 2393 efficacia
355 2354 455 2406 religionis
471 2354 593 2393 christianae.
621 2353 671 2393 Mali
684 2366 723 2391 non
738 2359 820 2404 possunt

48 2408 106 2459 plane
118 2421 144 2446 ex
156 2408 218 2446 animo
227 2420 270 2447 esse
280 2408 337 2457 mali,
348 2408 395 2459 quin
405 2422 438 2447 cos
450 2421 532 2460 semper,
546 2409 579 2448 vel
588 2409 665 2456 inscios,
679 2407 778 2460 poeniteat
789 2407 820 2447 sui

49 2466 69 2500 et
82 2461 180 2500 serxitntis
195 2474 250 2501 suae:
273 2462 309 2501 sed
321 2463 369 2502 boni
383 2477 409 2502 cx
424 2463 487 2502 animo
500 2462 548 2502 boni
561 2468 606 2503 sunt
620 2462 723 2502 etlibere.
746 2460 820 2515 [Neque

49 2518 89 2554 ictu
107 2517 203 2555 homimem
222 2517 320 2565 doctrina,
343 2518 378 2556 seri
395 2520 437 2557 soto
455 2518 535 2566 cliniae,
561 2532 594 2558 cor
615 2518 696 2557 leontinis
714 2524 820 2569 eapupuut.

49 2568 111 2633 V.'g.]
126 2593 154 2599 —
168 2572 196 2616 ric
208 2567 241 2623 tc)
256 2570 353 2610 Resolve:
372 2567 496 2622 ὑπηκιὲσατε
506 2573 534 2618 εἰς
545 2573 613 2614 τύπον
624 2573 711 2625 διδαχῆς
726 2572 778 2625 (coll.
793 2573 821 2618 cic

49 2640 119 2664 παιτα
128 2620 226 2674 ὑπήκοοι,
234 2631 252 2667 «2
263 2624 306 2664 Cor.
315 2632 333 2674 2,
342 2625 370 2678 9.)
381 2622 398 2678 ᾦ
405 2626 438 2665 vel
447 2627 476 2672 εἰς
486 2622 510 2667 tv
521 2622 660 2680 παρεδόθητε.
673 2626 716 2665 coll.
728 2627 765 2675 εἰς,
775 2624 821 2664 Gal.

51 2682 68 2725 t,
80 2683 98 2720 fi.
118 2678 180 2717 Casus
190 2678 268 2718 relativi
280 2679 300 2719 in
313 2680 411 2720 locutione
425 2680 503 2720 concisa
518 2693 634 2734 expressus,
648 2680 746 2733 pendete
759 2679 821 2719 verbo

49 2732 184 2782 praecedente,
197 2747 213 2771 c.
223 2737 241 2782 1,
249 2739 288 2783 17,
297 2735 331 2773 vel
339 2734 477 2787 subsequente,
486 2749 502 2774 c.
514 2739 621 2784 11111-
631 2730 771 2788 παρεδόθητε,
781 2736 826 2775 trct-v

50 2786 84 2833 (titi
97 2787 149 2839 estis)
170 2787 227 2826 Alias
244 2790 333 2828 doctriua
348 2789 418 2829 dicitur
437 2791 494 2829 tracti.
518 2791 599 2833 2Petr.
613 2797 630 2838 2,
644 2795 675 2832 21.
700 2789 731 2828 Ea
744 2789 821 2841 phrasis

50 2839 81 2878 hic
91 2841 191 2893 eleganter
200 2842 313 2882 invertitur:
331 2849 399 2896 estque
409 2838 493 2884 verbuin
502 2842 562 2885 valde
575 2845 671 2893 decorum,
686 2843 752 2891 cleiis,
767 2844 800 2896 qui
810 2859 822 2884 a

51 2900 130 2943 peccato
141 2896 226 2943 liberati,
241 2910 284 2936 sese
294 2898 369 2937 dedunt
382 2904 402 2938 11
415 2900 491 2948 sistunt,
505 2913 524 2939 v.
537 2905 575 2949 tf),
589 2912 662 2950 magna
670 2898 749 2936 dominii
759 2903 821 2938 muta-

51 2947 107 3011 tione,
123 2950 149 2989 ad
157 2950 212 3004 illam
223 2950 299 2991 lautam
310 2953 530 3005 11111111111111111111ιχ
541 2976 564 2984 -
580 2949 655 3001 τύπον,
665 2952 764 3006 formum)
775 2952 822 2993 Pul-

52 3014 153 3043 cerrrmnm
162 3005 253 3044 uerbum.
267 3006 332 3046 uxot.
342 3011 415 3057 25,10.
431 3008 504 3048 Christi
513 3021 536 3047 ea
549 3013 578 3047 est
588 3007 655 3046 forma.
670 3006 715 3046 Gal.
724 3011 783 3056 1119.
795 3030 823 3036 -

49 3055 150 3110 Ιδιδαχῆς,
167 3059 275 3113 doctrinae)
289 3060 411 3101 Normailla
425 3069 444 3102 et
456 3063 535 3115 regula,
552 3062 580 3114 ‘ad
594 3075 653 3113 quam
665 3074 708 3101 sese
724 3064 823 3115 componit

51 3120 125 3161 servus,
134 3118 214 3154 tantum.
219 3113 237 3153 ei
244 3126 281 3167 per
289 3117 397 3158 doctrinam
407 3118 525 3168 ostenditur,
537 3116 604 3170 urgeri
613 3123 663 3166 e'um,
677 3130 716 3158 uon
726 3130 775 3173 opus
786 3122 822 3157 est.
