1922 3513
276 207 466 253 uon.xtac-5a
484 210 554 253 Xss‚a
746 209 748 211 ’
780 215 803 250 re
855 210 859 215 ’

74 303 78 308 ’
87 317 106 341 v·
114 304 146 346 54·
161 301 192 350 eie
201 299 242 359 peip
250 303 373 359 -·r'7e'nsro)
387 304 420 345 Es.
427 308 461 354 40,
468 310 501 348 15.
509 303 579 352 LXX,
589 301 620 348 τίς
632 299 717 356 ἔγνω*
725 304 761 346 καῖ
771 303 804 350 τίς

35 355 88 401 ariri
97 353 203 411 oipp’etoe
214 357 306 411 irinum
321 359 384 403 ariis?
397 360 409 399 i.
420 372 437 398 e.
451 372 519 407 nemo,
533 358 571 397 nisi
579 357 628 409 ipse=
639 378 667 384 —
683 354 732 412 peip,
743 358 803 411 enini)

34 412 126 464 Sequitur
140 413 250 463 expressior
264 414 372 465 scripturae
386 414 484 465 allegatio.
512 412 536 450 Iu
557 411 683 463 dogmatibus
695 412 802 464 probandis

33 466 137 507 adhibetur
149 465 243 517 formula,
256 469 349 520 scriptam
362 475 400 509 est:
414 468 458 507 aliis
469 467 490 506 in
499 466 549 506 locis
559 479 619 519 saepe
633 478 656 504 ea
666 468 803 519 praetermitti-

33 528 69 562 tur.
81 535 96 561 0·
107 527 139 571 12,
149 527 182 564 20.
193 544 221 551 -
229 523 267 563 veo
278 522 353 577 Karpia,
367 530 447 563 merrtem
461 521 550 575 Doniini)
564 521 643 572 Esajas:
659 530 710 562 nan*
721 529 761 562 tnt'r
772 530 803 563 tut

32 577 126 630 Spiritnrn
139 577 233 617 Jetoaat.
261 577 335 616 Paulus
349 579 404 629 ponit
421 578 531 616 versionem
544 578 586 617 acie
600 575 669 615 LXX.
699 574 803 627 Ceteroqui

32 646 69 672 non
83 636 128 671 sunt
142 645 251 684 synonyma
264 639 304 674 ΠῚἾ
319 637 339 671 et
352 632 407 679 νοῦς,
435 631 515 685 Optima
529 636 595 671 autem
608 636 638 671 est
653 630 802 682 consequentia:

32 701 88 726 nemo
100 687 153 739 capit
162 687 265 740 Spiritum:
284 699 332 738 ergo
345 700 402 726 nemo
414 688 467 739 capit
478 692 564 726 mentem
577 686 618 725 sive
632 699 710 726 sensum
717 684 802 724 Domini.

31 742 139 794 implicitus
149 748 178 782 est
188 743 213 781 ad
223 742 259 782 ὃὸ.
272 741 387 781 Trinitatem
396 747 503 795 respectus.
527 739 598 789 confer,
614 740 640 780 ad
654 736 679 782 ri
692 742 721 786 εἰς
736 735 803 780 αὐτόν
869 755 873 758 ·

31 811 50 836 v.
61 802 100 846 56,
113 797 146 836 Es.
157 800 189 847 51,
199 797 308 841 16111.-
324 793 438 849 co'pfietoc)
450 796 495 836 Non
504 797 564 836 modo
572 796 669 835 nemiuem
676 794 736 834 fnisse
748 790 803 846 σύμ-

30 854 100 905 parav,
112 852 159 891 dicit
167 852 247 901 Paulus,
259 852 386 891 sednenune
398 852 477 904 quidem
487 865 529 891 esse
540 864 606 905 posse.
623 845 729 901 oriprfieloe
737 853 803 888 autem

31 911 61 945 est
70 906 102 945 vel
108 908 208 959 particeps
218 907 295 955 consilii,
305 906 338 946 vel
348 910 400 946 certe
409 908 502 947 conscita.
511 920 557 946 nam
566 905 624 945 modo
632 905 691 944 dixit:
701 904 744 956 qais
752 904 803 943 enine

30 962 169 1002 neeitrnentena
177 963 270 1003 Donzini?
287 963 314 1001 Et
325 967 390 1002 tamen
402 962 459 1002 multi
469 962 489 1001 in
499 960 684 1016 disceptationibus,
699 973 718 998 v.
731 972 760 1011 gr.
777 958 802 997 de

31 1021 74 1055 ortu
85 1017 137 1065 mali,
153 1031 203 1070 quae
212 1018 273 1057 multo
283 1016 420 1069 profundiores
436 1018 561 1057 oeconomiae
571 1016 649 1056 divinae
654 1027 749 1055 recessus
759 1019 801 1054 tan-

30 1076 83 1121 gunt,
98 1084 156 1122 quam
166 1073 220 1120 haee,
235 1084 285 1122 quae
295 1072 345 1110 inter
359 1085 378 1110 v.
391 1078 423 1115 52.
437 1077 456 1111 et
472 1078 504 1115 55,
519 1072 544 1111 ab
556 1072 646 1124 apostolo
658 1070 751 1120 religiose
767 1069 800 1108 ab·

29 1124 152 1179 rumpitur„(
172 1127 235 1165 ultum
247 1126 298 1164 enim
311 1125 392 1165 interest
405 1126 456 1165 inter
471 1126 550 1178 lapsum
563 1126 668 1166 multorum
684 1124 800 1175 angelorum

29 1178 126 1230 totiusque
140 1180 217 1231 generis
231 1179 319 1228 humaui,
335 1185 355 1218 et
368 1181 418 1218 inter
433 1194 500 1219 casum
513 1180 671 1232 israelitarum)⁴
682 1178 764 1231 perinde
778 1191 800 1218 se

26 1233 111 1284 J'aetaut,
127 1247 150 1273 ac
163 1234 180 1273 si
193 1247 232 1273 uon
245 1233 309 1277 modo,
319 1234 424 1273 consiliarii
437 1235 527 1283 Domini,
549 1235 585 1274 sed
599 1226 657 1273 itiam
672 1233 800 1286 quaesitores,

29 1287 115 1339 patroni,
129 1288 162 1327 vel
173 1287 251 1340 judiees
266 1293 336 1327 essent.
358 1288 461 1341 Scriptura
474 1289 549 1341 ubique
562 1288 652 1329 subsistit
665 1289 686 1327 in
700 1300 734 1336 eo,
748 1287 801 1340 quod

29 1342 123 1387 Dominus
138 1344 210 1393 voluit,
225 1348 244 1382 et
257 1343 317 1390 dixit,
333 1347 352 1381 et
365 1343 421 1383 feeit:
436 1344 522 1383 rationes
536 1358 602 1383 rerum
612 1342 753 1382 universalium
763 1342 801 1381 sin-

30 1396 151 1446 gulariumve
161 1411 202 1436 non
210 1397 289 1449 pandit:
305 1397 329 1436 de
343 1398 373 1446 iis,
388 1411 438 1449 quae
451 1404 538 1437 nostram
548 1402 642 1450 superant
653 1397 760 1445 infantiam,
775 1396 801 1436 ad

30 1450 163 1490 aeternitatem
176 1452 256 1491 remittit
269 1451 347 1500 fideles,
370 1459 380 1495 1
393 1452 437 1491 Cor.
451 1459 483 1502 15,
495 1458 514 1496 9.
527 1466 553 1492 ss.
572 1452 664 1501 Ceteros,
678 1452 800 1504 importunos

29 1506 155 1553 scrutatores,
170 1506 270 1558 torquebit
285 1511 304 1544 et
316 1511 360 1545 uret
374 1507 448 1546 sciendi
463 1507 515 1555 sitis,
529 1508 550 1546 in
564 1512 670 1546 aeteruum.

82 1573 101 1597 v.
110 1564 142 1602 55.
155 1559 168 1609 ἢ
177 1560 207 1606 τίς
216 1559 267 1612 κτλ.)
276 1560 333 1599 Haec
340 1560 408 1609 verba,
420 1561 474 1614 apud
479 1562 548 1607 LXX,
559 1562 593 1600 Es.
601 1575 644 1613 cap.
650 1562 681 1600 cit.
689 1574 708 1599 v.
717 1563 756 1608 tlt,
767 1560 800 1600 alii

28 1611 110 1664 liabent,
122 1614 155 1652 alii
161 1627 200 1653 non
207 1614 286 1653 habent.
296 1619 316 1653 at
322 1614 369 1654 Job.
375 1618 408 1664 11,
415 1622 433 1658 2.
442 1615 505 1656 Hebr.
514 1616 599 1668 etVulg.
608 1617 637 1656 ita
645 1615 729 1655 habeut:
750 1615 800 1658 Quis

28 1673 72 1707 ante
83 1669 134 1708 dedit
142 1670 193 1718 anilii,
206 1675 228 1708 ni
237 1671 318 1708 recidant
329 1671 347 1709 ei
351 1671 360 1708 ἓ
381 1671 451 1711 Ornnia
460 1684 510 1723 pirae
522 1672 556 1711 snb
569 1673 620 1711 coelo
631 1677 681 1718 crint,
696 1683 739 1709 nien
748 1676 798 1709 sant.

81 1736 100 1760 V·
111 1728 144 1765 56·
159 1723 179 1770 ἐξ
188 1720 242 1763 eriri
254 1724 290 1764 aei
302 1725 323 1764 δι’
333 1720 388 1764 airzi
402 1726 437 1765 καὶ
452 1727 481 1771 εἰς
494 1720 570 1773 ericio,
585 1738 610 1764 en
620 1726 652 1763 Eo
665 1731 683 1764 et
693 1730 733 1775 per<
745 1725 798 1763 Earn

28 1779 45 1812 et
56 1774 77 1813 in
90 1777 151 1830 Erine)
166 1777 276 1816 Denotatur
289 1776 349 1828 Origo
362 1783 382 1816 et
395 1778 496 1819 Gursuset
511 1779 614 1818 Terminus
626 1792 692 1818 rerum
705 1778 797 1817 omnium.

28 1828 76 1867 conf.
92 1830 184 1879 Nonii,
194 1836 213 1874 6.
229 1829 310 1884 [Parra
325 1832 346 1878 ἐξ
359 1827 413 1873 airzi
428 1833 538 1871 divitiarum
548 1839 585 1872 est:
606 1830 629 1874 δι’
645 1830 707 1881 nitri,
721 1833 797 1885 sepien-

28 1882 75 1922 tiee:
90 1885 118 1930 εἰς
128 1881 203 1933 aricio,
218 1885 334 1936 cognitionis.
352 1885 378 1923 V.
390 1886 417 1940 g]
432 1910 460 1915 -
478 1883 566 1936 η’ὁόξα,
579 1887 653 1940 gloria)
672 1887 799 1935 Diuitiarum,

28 1935 149 1992 Sapientiae,
171 1938 296 1990 Cognitionis.
321 1938 373 1992 [an
386 1941 489 1992 donoiopie
505 1939 662 1991 Omnipotentiae
675 1942 745 1990 sinird,
764 1941 798 1981 Sa-

26 1990 111 2041 pientiae
125 1999 143 2031 et
161 1992 238 2031 Amoris
257 1993 318 2032 divini
334 1995 377 2033 lens
391 1996 509 2043 continenza,
528 1996 580 2035 narde
593 1995 652 2045 vires,
678 1995 799 2035 intellectum

27 2058 50 2083 ac
63 2045 204 2086 beatitudinem
217 2048 311 2086 inaniunt
324 2054 430 2089 arentinae.
451 2049 478 2088 V.
489 2049 517 2104 g]
535 2071 563 2077 -
584 2048 649 2102 α’μήν,
668 2051 734 2105 ericen)
749 2051 798 2090 Ver-

26 2098 73 2192 burq
86 2100 151 2150 finale,
170 2101 190 2140 in
204 2101 258 2153 quod
271 2101 351 2143 affectus
366 2104 457 2156 apostoli,
472 2116 533 2156 quum
547 2104 573 2145 ad
587 2118 679 2159 suprema
691 2106 750 2156 venit,
765 2106 798 2145 de-

26 2165 62 2192 srm
73 2183 77 2192 .

281 2271 453 2324 CAPUT
488 2274 545 2326 ML

79 2387 99 2414 V·
108 2383 125 2420 l·
141 2378 273 2433 Παρακαλῶ,
285 2379 622 2435 lior-tor)llloses.jubet:·apostolus
631 2380 726 2424 hortatur.
741 2382 797 2425 Solet

26 2426 100 2469 Paulus
114 2431 232 2473 hortationes
246 2447 318 2487 ponere
333 2436 457 2488 dogmatibus
476 2442 534 2477 antea
551 2438 640 2477 tractatis
660 2445 796 2490 congruentes·

26 2481 76 2543 Llph.
86 2488 104 2528 1.
114 2486 157 2524 coll.
168 2500 210 2539 cap.
223 2495 242 2531 5.
265 2488 297 2528 sic
306 2490 325 2529 h.
334 2490 348 2529 l.
360 2504 406 2530 usus
421 2492 518 2542 generalis
533 2505 558 2531 ex
572 2497 613 2532 tota
626 2495 743 2534 tractatione
753 2509 797 2534 con-

26 2540 97 2576 tinetur
104 2553 123 2578 v.
134 2546 152 2583 1.
163 2547 188 2591 2.,
195 2547 218 2581 ut
226 2542 354 2596 allegationes
364 2545 430 2584 statim
438 2546 580 2598 subsequentes
590 2547 728 2589 demonstrant.
743 2549 797 2590 Usus

27 2592 127 2643 speciales,
142 2609 154 2634 a
163 2610 182 2635 v.
190 2603 209 2640 5.
218 2611 281 2652 usque
292 2600 318 2639 ad
327 2599 470 2640 conclusionem
479 2602 579 2655 epistolae,
590 2603 709 2644 ostendimus
719 2605 745 2644 ad
753 2619 796 2658 cap.

27 2650 45 2707 13
55 2652 86 2690 lb·
101 2672 130 2678 -
143 2648 181 2691 ieci
191 2655 232 2693 teir
242 2655 362 2710 οἰκτιρμῶν,
379 2669 419 2708 pen
431 2658 571 2713 irriseretiones)
594 2659 667 2699 Totum
679 2665 750 2699 noema
764 2660 797 2700 de-

26 2708 100 2765 flvaiffl·
110 2717 135 2743 ex
143 2719 186 2757 cap-
196 2712 256 2751 1-5.
269 2710 387 2750 vocabulum
395 2711 438 2751 ilnit
450 2725 475 2751 ex
485 2712 580 2752 antitheto
591 2715 638 2762 inne,
653 2728 669 2752 e.
680 2721 698 2763 1,
706 2720 738 2758 18.
751 2729 798 2756 nam

26 2761 110 2819 nmmtur
123 2759 161 2798 hoe
175 2760 218 2802 loeo
233 2768 274 2803 tota
285 2766 398 2805 oeconomia
408 2767 484 2818 gratiae
499 2768 540 2808 sive
552 2763 707 2818 misericordiae,
729 2770 797 2810 abira

25 2820 60 2870 nos
73 2823 169 2876 emmens,
183 2821 202 2854 et
213 2825 278 2870 pentes
289 2819 377 2871 inprimis
390 2820 417 2859 ad
428 2821 511 2862 officium
525 2823 618 2862 excitans.
639 2837 655 2862 e.
669 2829 700 2873 15,
712 2830 731 2867 9.
758 2825 797 2875 Qui

26 2869 156 2906 niisericorebe
169 2869 209 2909 Dei
222 2878 276 2912 recte
292 2877 390 2923 movetur,
410 2876 430 2914 in
447 2889 523 2916 ornnem
534 2877 573 2916 Dei
585 2879 701 2918 eolirntotena
710 2873 806 2930 ingredi⁴

26 2919 62 2955 tur.
90 2918 123 2972 [Ar
141 2923 208 2964 caninae
225 2928 267 2966 inne
285 2930 370 2969 oratoria
393 2931 539 2984 einqaiddeni
553 2934 638 2981 jaceatne
658 2934 797 2975 adhortationi-

25 2968 74 3035 ὀαε.Ι
87 2974 164 3016 Saenia
174 2982 280 3029 perfundis
293 2985 339 3024 oleo.
353 2983 379 3024 V.
390 2984 417 3040 g]
432 3010 460 3018 -
475 2986 607 3039 παραςῆσαι,
618 2986 693 3041 sistere)
707 2988 732 3027 In
740 2993 796 3030 tanto

26 3023 132 3073 officiorum
146 3035 236 3087 catalogo
244 3036 319 3078 Paulus
330 3039 359 3078 nil
371 3053 438 3080 earum
448 3054 514 3079 rerum
525 3040 594 3089 habet,
610 3054 661 3092 quae
672 3042 732 3082 hodie
743 3046 797 3098 apud

26 3075 158 3125 Romanenses
172 3086 213 3129 fere
225 3095 328 3147 utramque
336 3095 434 3148 ,paginam
447 3094 527 3136 faoirmt.
545 3096 684 3150 παραςῆσαι,
701 3101 797 3155 repetitur
